%% This BibTeX bibliography file was created using BibDesk.
%% http://bibdesk.sourceforge.net/


%% Created for Julia Rossi at 2016-06-14 10:02:51 -0700 


%% Saved with string encoding Unicode (UTF-8) 


@string{acccr = {Acc. Chem. Res.}}

@string{actc = {Acta Crystallogr.}}

@string{actcsa = {Acta Crystallogr. Sec. A}}

@string{actcsb = {Acta Crystallogr. Sec. B}}

@string{actm = {Acta Metall.}}

@string{actmash = {Acta Math. Acad. Sci. Hung.}}

@string{actol = {Acta Oto-Laryngol.}}

@string{actp = {Acta Phys.}}

@string{actpa = {Acta Phys. Austriaca}}

@string{actpp = {Acta Phys. Pol.}}

@string{acts = {Acta Chem. Scand.}}

@string{acu = {Acustica}}

@string{adndt = {At. Data and Nu. Data Tables}}

@string{advam = {Adv. Appl. Mech.}}

@string{advamop = {Adv. At. Mol. Opt. Phys.}}

@string{advcp = {Adv. Chem. Phys.}}

@string{advmr = {Adv. Magn. Reson.}}

@string{advp = {Adv. Phys.}}

@string{advqc = {Adv. Quantum Chem.}}

@string{aiaj = {AIAA J.}}

@string{aicj = {AIChE J.}}

@string{aipcp = {AIP Conf. Proc.}}

@string{ajp = {Am. J. Phys.}}

@string{akuz = {Akust. Zh.}}

@string{amjp = {Am. J. Phys.}}

@string{amp = {Appl. Math. Comp.}}

@string{anac = {Anal. Chem.}}

@string{anncp = {Ann. Chim. Phys.}}

@string{annfd = {Ann. Fluid Dyn.}}

@string{anng = {Ann. Geophys.}}

@string{annihp = {Ann. Inst. Henri Poincar\'{e}}}

@string{annihpa = {Ann. Inst. Henri Poincar\'{e}, A}}

@string{annihpb = {Ann. Inst. Henri Poincar\'{e}, B}}

@string{annm = {Ann. Math.}}

@string{annorl = {Ann. Otol. Rhinol. Laryngol.}}

@string{annpl = {Ann. Phys. (Leipzig)}}

@string{annpny = {Ann. Phys. (N.Y.)}}

@string{annpp = {Ann. Phys. (Paris)}}

@string{annrns = {Annu. Rev. Nucl. Sci.}}

@string{ap = {Ann. Phys.}}

@string{apb = {Appl. Phys. B}}

@string{apj = {Astrophys. J.}}

@string{appo = {Appl. Opt.}}

@string{apppl = {Appl. Phys. Lett.}}

@string{apps = {Appl. Spectrosc.}}

@string{arkf = {Ark. Fys.}}

@string{arx = {arXiv}}

@string{asta = {Astron. Astrophys.}}

@string{astj = {Astron. J.}}

@string{astjl = {Astrophys. J. Lett.}}

@string{astjss = {Astrophys. J. Suppl. Ser.}}

@string{astl = {Astrophys. Lett.}}

@string{astn = {Astron. Nachr.}}

@string{astpj = {Astrophys. J.}}

@string{astz = {Astron. Zh.}}

@string{ate = {At. Energ.}}

@string{ausjp = {Aust. J. Phys.}}

@string{belstj = {Bell Syst. Tech. J.}}

@string{berbpc = {Ber. Bunsenges Phys. Chem.}}

@string{brjap = {Br. J. Appl. Phys.}}

@string{bulaas = {Bull. Am. Astron. Soc.}}

@string{bulain = {Bull. Astron. Instit. Neth.}}

@string{bulaps = {Bull. Am. Phys. Soc.}}

@string{bulasups = {Bull. Acad. Sci. USSR, Phys. Ser.}}

@string{bulcsj = {Bull. Chem. Soc. Jpn.}}

@string{bulssa = {Bull. Seismol. Soc. Am.}}

@string{c = {Chaos}}

@string{canjc = {Can. J. Chem.}}

@string{canjp = {Can. J. Phys.}}

@string{canjr = {Can. J. Res.}}

@string{chep = {Chem. Phys.}}

@string{chepl = {Chem. Phys. Lett.}}

@string{cher = {Chem. Rev.}}

@string{claqg = {Class. Quantum Grav.}}

@string{commp = {Commun. Math. Phys.}}

@string{comnpp = {Comments Nucl. Part. Phys.}}

@string{comp = {Comput. Phys.}}

@string{compam = {Commun. Pure Appl. Math.}}

@string{cr = {Comptes Rendus}}

@string{cras = {C. R. Acad. Sci.}}

@string{crasa = {C. R. Acad. Ser. A}}

@string{crasb = {C. R. Acad. Ser. B}}

@string{cry = {Cryogenics}}

@string{czejp = {Czech. J. Phys.}}

@string{disfs = {Discuss. Faraday Soc.}}

@string{dokans = {Dok. Akad. Nauk. SSSR}}

@string{earpsl = {Earth Planet. Sci. Lett.}}

@string{elel = {Electron. Lett.}}

@string{epjd = {Eur. Phys. J. D}}

@string{epl = {Europhys. Lett.}}

@string{exp = {Experientia}}

@string{fieq = {Fields Quanta}}

@string{fizecay = {Fiz. Elem. Chastits At. Yadra}}

@string{fizmm = {Fiz. Met. Metalloved.}}

@string{fiznt = {Fiz. Nizk. Temp.}}

@string{fizp = {Fiz. Plazmy}}

@string{fiztp = {Fiz. Tekh. Poluprovodn.}}

@string{fizttl = {Fiz. Tverd. Tela (Leningrad)}}

@string{fizz = {Fizika (Zagreb)}}

@string{forp = {Fortschr. Phys.}}

@string{foup = {Found. Phys.}}

@string{genrg = {Gen. Relativ. Gravit.}}

@string{geoca = {Geochim. Cosmochim. Acta}}

@string{georl = {Geophys. Res. Lett.}}

@string{hanp = {Handb. Phys.}}

@string{helca = {Helv. Chim. Acta}}

@string{helpa = {Helv. Phys. Acta}}

@string{higtu = {High Temp. (USSR)}}

@string{ibmjrd = {IBM J. Res. Dev.}}

@string{ica = {Icarus.}}

@string{ieejqe = {IEEE J. Quantum Electron.}}

@string{ieetap = {IEEE Trans. Antennas Propag.}}

@string{ieeted = {IEEE Trans. Electron Devices}}

@string{ieetim = {IEEE Trans. Instrum. Meas.}}

@string{ieetit = {IEEE Trans. Inf. Theory}}

@string{ieetm = {IEEE Trans. Magn.}}

@string{ieetmtt = {IEEE Trans. Microwave Theory Tech.}}

@string{ieetns = {IEEE Trans. Nucl. Sci.}}

@string{ieetsuiec = {IEEE Trans. Sonics Ultrason. Ind. Eng. Chem.}}

@string{infp = {Infrared Phys.}}

@string{inoc = {Inorg. Chem.}}

@string{inomu = {Inorg. Mater. (USSR)}}

@string{insetu = {Instrum. Exp. Tech. (USSR)}}

@string{intjm = {Int. J. Magn.}}

@string{intjqc = {Int. J. Quantum Chem.}}

@string{intjqc1 = {Int. J. Quantum Chem. 1}}

@string{intjqc2 = {Int. J. Quantum Chem. 2}}

@string{intjtp = {Int. J. Theor. Phys.}}

@string{izvansfao = {Izv. Akad. Nauk SSSR, Fiz. Atmos. Okeana}}

@string{izvansfz = {Izv. Akad. Nauk SSSR, Fiz. Zemli}}

@string{izvansnm = {Izv. Akad. Nauk SSSR, Neorg. Mater.}}

@string{izvanssf = {Izv. Akad. Nauk SSSR, Ser. Fiz.}}

@string{izvasuaop = {Izv. Acad. Sci. USSR, Atmos. Oceanic Phys.}}

@string{izvasupse = {Izv. Acad. Sci. USSR, Phys. Solid Earth}}

@string{izvvuzf = {Izv. Vyssh. Uchebn. Zaved. Fiz.}}

@string{izvvuzr = {Izv. Vyssh. Uchebn. Zaved. Radiofiz.}}

@string{jac = {J. Appl. Crystallogr.}}

@string{jachems = {J. Am. Chem. Soc.}}

@string{jacs = {J. Am. Ceram. Soc.}}

@string{jaes = {J. Audio Engin. Soc.}}

@string{jaiee = {J. Am. Inst. Electr. Eng.}}

@string{jap = {J. Appl. Phys.}}

@string{jas = {J. Atmos. Sci.}}

@string{jasa = {J. Acous. Soc. Am.}}

@string{jasu = {J. Appl. Spectrosc. (USSR)}}

@string{jatp = {J. Atmos. Terr. Phys.}}

@string{jcg = {J. Cryst. Growth}}

@string{jchemp = {J. Chem. Phys.}}

@string{jcompp = {J. Comput. Phys.}}

@string{jcp = {J. Comp. Phys.}}

@string{jcs = {J. Chem. Soc.}}

@string{jes = {J. Electrochem. Soc.}}

@string{jetl = {JETP Lett.}}

@string{jfm = {J. Fluid Mech.}}

@string{jgr = {J. Geophys. Res.}}

@string{jinc = {J. Inorg. Nucl. Chem.}}

@string{jl = {J. Lumin.}}

@string{jlt = {J. Lightwave Technol.}}

@string{jltp = {J. Low Temp. Phys.}}

@string{jmp = {J. Math. Phys.}}

@string{jmpcm = {J. Math. Phys. (Cambridge, Mass.)}}

@string{jmpny = {J. Math. Phys. (N.Y.)}}

@string{jmps = {J. Mech. Phys. Solids}}

@string{jmr = {J. Mater. Res.}}

@string{jms = {J. Mol. Spectrosc.}}

@string{jmsp = {J. Macromol. Sci. Phys.}}

@string{jncs = {J. Non-Cryst. Solids}}

@string{jne = {J. Nucl. Energy}}

@string{jnepc = {J. Nucl. Energy, Part C}}

@string{jnm = {J. Nucl. Mater.}}

@string{job = {J. Opt. B}}

@string{josa = {J. Opt. Soc. Am.}}

@string{josaa = {J. Opt. Soc. Am. A}}

@string{josab = {J. Opt. Soc. Am. B}}

@string{jpa = {J. Phys. A}}

@string{jpb = {J. Phys. B}}

@string{jpc = {J. Phys. C}}

@string{jpcm = {J. Phys. Condens. Mat.}}

@string{jpcrd = {J. Phys. Chem. Ref. Data}}

@string{jpcs = {J. Phys. Chem. Solids}}

@string{jpd = {J. Phys. D}}

@string{jpe = {J. Phys. E}}

@string{jpf = {J. Phys. F}}

@string{jpg = {J. Phys. G}}

@string{jpm = {J. Phys. (Moscow)}}

@string{jpnjap = {Jpn. J. Appl. Phys.}}

@string{jpnjp = {Jpn. J. Phys.}}

@string{jpp = {J. Plasma Phys.}}

@string{jpr = {J. Phys. Radium}}

@string{jps = {J. Polym. Sci.}}

@string{jpsj = {J. Phys. Soc. Jpn.}}

@string{jpsple = {J. Polym. Sci., Polym. Lett. Ed.}}

@string{jpsppe = {J. Polym. Sci., Polym. Phys. Ed.}}

@string{jpu = {J. Phys. USSR}}

@string{jqsrt = {J. uant. Spectros. Radiat. Transfer}}

@string{jr = {J. Rheol.}}

@string{jrnbs = {J. Res. Natl. Bur. Stand.}}

@string{jrnbssa = {J. Res. Natl. Bur. Stand. Sec. A}}

@string{jrnbssb = {J. Res. Natl. Bur. Stand. Sec. B}}

@string{jrnbssc = {J. Res. Natl. Bur. Stand. Sec. C}}

@string{jrnist = {J. Res. NIST}}

@string{jshd = {J. Speech Hear. Disord.}}

@string{jshr = {J. Speech Hear. Res.}}

@string{jsp = {J. Stat. Phys.}}

@string{jsv = {J. Sound Vib.}}

@string{jvst = {J. Vac. Sci. Technol.}}

@string{jvsta = {J. Vac. Sci. Technol. A}}

@string{jvstb = {J. Vac. Sci. Technol. B}}

@string{kdvsmfm = {K. Dan. Vidensk. Selsk. Mat. Fys. Medd.}}

@string{kolzzp = {Kolloid Z. Z. Polym.}}

@string{kri = {Kristallografiya}}

@string{kvaem = {Kvant. Elektron. (Moscow)}}

@string{lar = {Laryngoscope}}

@string{letnc = {Lett. Nuovo Cimento}}

@string{licob = {Lick Obs. Bull.}}

@string{lmj = {Lith. Math. J.}}

@string{matrb = {Mater. Res. Bull.}}

@string{medp = {Med. Phys.}}

@string{memras = {Mem. R. Astron. Soc.}}

@string{molclc = {Mol. Cryst. Liq. Cryst.}}

@string{molphys = {Mol. Phys.}}

@string{monnras = {Mon. Not. R. Astron. Soc.}}

@string{nat = {Nature}}

@string{natbsusc = {Natl. Bur. Stand. (U.S.), Circ.}}

@string{natbsusmp = {Natl. Bur. Stand. (U.S.), Misc. Publ.}}

@string{natbsussp = {Natl. Bur. Stand. (U.S.), Spec. Publ.}}

@string{natl = {Nature (London)}}

@string{natphys = {Nature Phys.}}

@string{nc = {Nuovo Cimento}}

@string{njp = {New J. Phys.}}

@string{non = {Nonlinearity}}

@string{nucdsa = {Nucl. Data, Sect. A}}

@string{nucf = {Nucl. Fusion}}

@string{nuci = {Nucl. Instrum.}}

@string{nucim = {Nucl. Instrum. Methods}}

@string{nucp = {Nucl. Phys.}}

@string{nucpa = {Nucl. Phys. A}}

@string{nucpb = {Nucl. Phys. B}}

@string{nucse = {Nucl. Sci. Eng.}}

@string{nuk = {Nukleonik}}

@string{nuoc = {Nuovo Cimento}}

@string{nuoca = {Nuovo Cimento A}}

@string{nuocb = {Nuovo Cimento B}}

@string{nws = {Naturwissenschaften}}

@string{oft = {Opt. Fiber Tech.}}

@string{opc = {Opt. Commun.}}

@string{opta = {Opt. Acta}}

@string{optc = {Opt. Commun.}}

@string{optex = {Opt. Express}}

@string{optl = {Opt. Lett.}}

@string{optmp = {Opt. Mekh. Prom.}}

@string{optn = {Opt. News}}

@string{opts = {Optik (Stuttgart)}}

@string{optsu = {Opt. Spectrosc. (USSR)}}

@string{pcps = {Proc. Camb. Phil. Soc.}}

@string{perp = {Percept. Psychophys.}}

@string{phim = {Philos. Mag.}}

@string{phirr = {Philips Res. Rep.}}

@string{phitrsl = {Philos. Trans. R. Soc. London}}

@string{phitrslsa = {Philos. Trans. R. Soc. London, Ser. A}}

@string{phycs = {Physics and Chemistry of Solids}}

@string{phyf = {Phys. Fluids}}

@string{phyfa = {Phys. Fluids A}}

@string{phyfb = {Phys. Fluids B}}

@string{phyl = {Phys. Lett.}}

@string{phyla = {Phys. Lett. A}}

@string{phylb = {Phys. Lett. B}}

@string{phymm = {Phys. of Metals and Metallography (USSR)}}

@string{phyny = {Phys. (N.Y.)}}

@string{phyr = {Phys. Rev.}}

@string{phyra = {Phys. Rev. A}}

@string{phyrb = {Phys. Rev. B}}

@string{phyrc = {Phys. Rev. C}}

@string{phyrd = {Phys. Rev. D}}

@string{phyrl = {Phys. Rev. Lett.}}

@string{physs = {Phys. Status Solidi}}

@string{physsa = {Phys. Status Solidi A}}

@string{physsb = {Phys. Status Solidi B}}

@string{phytea = {Phys. Teach.}}

@string{phytod = {Phys. Today}}

@string{phyu = {Physica (Utrecht)}}

@string{phyz = {Phys. Z.}}

@string{phyzs = {Phys. Z. Sowjetunion}}

@string{pisaz = {Pis'ma Astron. Zh.}}

@string{piszetf = {Pis'ma Zh. Eksp. Teor. Fiz.}}

@string{pisztf = {Pis'ma Zh. Tekh. Fiz.}}

@string{pla = {Phys. Lett. A}}

@string{plap = {Plasma Phys.}}

@string{plass = {Planet. Space Sci.}}

@string{pr = {Phys. Rev.}}

@string{pra = {Phys. Rev. A}}

@string{prd = {Phys. Rev. D}}

@string{pre = {Phys. Rev. E}}

@string{prite = {Prib. Tekh. Eksp.}}

@string{prl = {Phys. Rev. Lett.}}

@string{procps = {Proc. Cambridge Philos. Soc.}}

@string{proiee = {Proc. IEEE}}

@string{proire = {Proc. IRE}}

@string{pronasusa = {Proc. Natl. Acad. Sci. U.S.A}}

@string{propsl = {Proc. Phys. Soc. London}}

@string{propslsa = {Proc. Phys. Soc. London, Sect. A}}

@string{propslsb = {Proc. Phys. Soc. London, Sect. B}}

@string{prorlsa = {Proc. R. Soc. London, Ser. A}}

@string{prorsl = {Proc. R. Soc. London}}

@string{protp = {Prog. Theor. Phys.}}

@string{pubasp = {Publ. Astron. Soc. Pac.}}

@string{rad = {Radiology}}

@string{radeepu = {Radio Eng. Electron. Phys. (USSR)}}

@string{radeeu = {Radio Eng. Electron. (USSR)}}

@string{radeff = {Radiat. Eff.}}

@string{radele = {Radiotekh. Elektron.}}

@string{rads = {Radio Sci.}}

@string{rcar = {RCA Rev.}}

@string{reppp = {Rep. Prog. Phys.}}

@string{revg = {Rev. Geophys.}}

@string{revmp = {Rev. Mod. Phys.}}

@string{revoti = {Rev. Opt. Theor. Instrum.}}

@string{revsi = {Rev. Sci. Instrum.}}

@string{rmp = {Rev. Mod. Phys.}}

@string{rpp = {Rep. Prog. Phys.}}

@string{rusjpc = {Russ. J. Phys. Chem.}}

@string{sci = {Science}}

@string{scia = {Sci. Am.}}

@string{skpaw = {Stizungsber. Kgl. Preuss. Akad. Wiss.}}

@string{solp = {Sol. Phys.}}

@string{solsc = {Solid State Commun.}}

@string{solse = {Solid-State Electron.}}

@string{solsp = {Solid State Phys.}}

@string{sova = {Sov. Astron.}}

@string{soval = {Sov. Astron. Lett.}}

@string{sovjae = {Sov. J. At. En.}}

@string{sovjltp = {Sov. J. Low Temp. Phys.}}

@string{sovjnp = {Sov. J. Nucl. Phys.}}

@string{sovjot = {Sov. J. Opt. Technol.}}

@string{sovjpn = {Sov. J. Part. Nucl.}}

@string{sovjpp = {Sov. J. Plasma Phys.}}

@string{sovjqe = {Sov. J. Quantum Electron.}}

@string{sovpa = {Sov. Phys. Acoust.}}

@string{sovpc = {Sov. Phys. Crystallogr.}}

@string{sovpd = {Sov. Phys. Dokl.}}

@string{sovpj = {Sov. Phys. J.}}

@string{sovpjtep = {Sov. Phys. JTEP}}

@string{sovps = {Sov. Phys. Semicond.}}

@string{sovpss = {Sov. Phys. Solid State}}

@string{sovptp = {Sov. Phys. Tech. Phys.}}

@string{sovpu = {Sov. Phys. Usp.}}

@string{sovr = {Sov. Radiophys.}}

@string{sovtpl = {Sov. Tech. Phys. Lett.}}

@string{spea = {Spectrochim. Acta}}

@string{speapa = {Spectrochim. Acta, Part A}}

@string{speapb = {Spectrochim. Acta, Part B}}

@string{spj = {Sov. Phys. JETP}}

@string{supst = {Supercon. Sci. Technol.}}

@string{surs = {Surf. Sci.}}

@string{tec = {Tectonics}}

@string{tepvt = {Teplofiz. Vys. Temp.}}

@string{tet = {Tetrahedron}}

@string{theca = {Theor. Chim. Acta}}

@string{thisf = {Thin Solid Films}}

@string{traacs = {Trans. Am. Cryst. Soc.}}

@string{traagu = {Trans. Am. Geophys. Union}}

@string{traaimmpe = {Trans. Am. Inst. Min. Metall. Pet. Eng.}}

@string{traans = {Trans. Am. Nucl. Soc.}}

@string{traasm = {Trans. Am. Soc. Met.}}

@string{traasme = {Trans. Am. Soc. Mech. Eng.}}

@string{trabcs = {Trans. Br. Ceramic Society}}

@string{trafs = {Trans. Faraday Society}}

@string{tramsa = {Trans. Metall. Soc. AIME}}

@string{trasr = {Trans. Soc. Rheol.}}

@string{ukrfz = {Urk. Fiz. Zh. (Russ. Ed.)}}

@string{ukrpj = {Urk. Phys. J.}}

@string{ult = {Ultrasonics}}

@string{uspfn = {Usp. Fiz. Nauk}}

@string{wulzaps = {Wuli Xuebao (Acta Phys. Sin.)}}

@string{yadf = {Yad. Fiz.}}

@string{za = {Z. Astrophys.}}

@string{zaac = {Z. Anorg. Allg. Chem.}}

@string{zac = {Z. Anal. Chem.}}

@string{zap = {Z. Angew Phys.}}

@string{ze = {Z. Elektrochem.}}

@string{zhetf = {Zh. Eksp. Teor. Fiz.}}

@string{zhfk = {Zh. Fiz. Khim.}}

@string{zhps = {Zh. Prikl. Spektrosk.}}

@string{zhtf = {Zh. Tekh. Fiz.}}

@string{zkkkk = {Z. Kristallogr. Kristallgeom. Krystallphys. Kristallchem.}}

@string{zm = {Z. Metallk.}}

@string{zn = {Z. Naturforsch.}}

@string{znta = {Z. Naturforsch. Teil A}}

@string{zp = {Z. Phys.}}

@string{zpcfm = {Z. Phys. Chem. (Frankfurt am Main)}}

@string{zpcl = {Z. Phys. Chem. (Leipzig)}}


@article{schrodingere26,
	Author = {Schr\"{o}dinger, E.},
	Date-Modified = {2016-06-02 18:11:32 +0000},
	Journal = PHYR,
	Number = 6,
	Pages = 1049,
	Title = {{An Undulatory Theory of the Mechanics of Atoms and Molecules}},
	Volume = 28,
	Year = 1926}
