%% This BibTeX bibliography file was created using BibDesk.
%% http://bibdesk.sourceforge.net/


%% Created for Julia Rossi at 2016-05-10 11:27:23 -0700 


%% Saved with string encoding Unicode (UTF-8) 


@string{acccr = {Acc. Chem. Res.}}

@string{actc = {Acta Crystallogr.}}

@string{actcsa = {Acta Crystallogr. Sec. A}}

@string{actcsb = {Acta Crystallogr. Sec. B}}

@string{actm = {Acta Metall.}}

@string{actmash = {Acta Math. Acad. Sci. Hung.}}

@string{actol = {Acta Oto-Laryngol.}}

@string{actp = {Acta Phys.}}

@string{actpa = {Acta Phys. Austriaca}}

@string{actpp = {Acta Phys. Pol.}}

@string{acts = {Acta Chem. Scand.}}

@string{acu = {Acustica}}

@string{adndt = {At. Data and Nu. Data Tables}}

@string{advam = {Adv. Appl. Mech.}}

@string{advamop = {Adv. At. Mol. Opt. Phys.}}

@string{advcp = {Adv. Chem. Phys.}}

@string{advmr = {Adv. Magn. Reson.}}

@string{advp = {Adv. Phys.}}

@string{advqc = {Adv. Quantum Chem.}}

@string{aiaj = {AIAA J.}}

@string{aicj = {AIChE J.}}

@string{aipcp = {AIP Conf. Proc.}}

@string{ajp = {Am. J. Phys.}}

@string{akuz = {Akust. Zh.}}

@string{amjp = {Am. J. Phys.}}

@string{amp = {Appl. Math. Comp.}}

@string{anac = {Anal. Chem.}}

@string{anncp = {Ann. Chim. Phys.}}

@string{annfd = {Ann. Fluid Dyn.}}

@string{anng = {Ann. Geophys.}}

@string{annihp = {Ann. Inst. Henri Poincar\'{e}}}

@string{annihpa = {Ann. Inst. Henri Poincar\'{e}, A}}

@string{annihpb = {Ann. Inst. Henri Poincar\'{e}, B}}

@string{annm = {Ann. Math.}}

@string{annorl = {Ann. Otol. Rhinol. Laryngol.}}

@string{annpl = {Ann. Phys. (Leipzig)}}

@string{annpny = {Ann. Phys. (N.Y.)}}

@string{annpp = {Ann. Phys. (Paris)}}

@string{annrns = {Annu. Rev. Nucl. Sci.}}

@string{ap = {Ann. Phys.}}

@string{apb = {Appl. Phys. B}}

@string{apj = {Astrophys. J.}}

@string{appo = {Appl. Opt.}}

@string{apppl = {Appl. Phys. Lett.}}

@string{apps = {Appl. Spectrosc.}}

@string{arkf = {Ark. Fys.}}

@string{arx = {arXiv}}

@string{asta = {Astron. Astrophys.}}

@string{astj = {Astron. J.}}

@string{astjl = {Astrophys. J. Lett.}}

@string{astjss = {Astrophys. J. Suppl. Ser.}}

@string{astl = {Astrophys. Lett.}}

@string{astn = {Astron. Nachr.}}

@string{astpj = {Astrophys. J.}}

@string{astz = {Astron. Zh.}}

@string{ate = {At. Energ.}}

@string{ausjp = {Aust. J. Phys.}}

@string{belstj = {Bell Syst. Tech. J.}}

@string{berbpc = {Ber. Bunsenges Phys. Chem.}}

@string{brjap = {Br. J. Appl. Phys.}}

@string{bulaas = {Bull. Am. Astron. Soc.}}

@string{bulain = {Bull. Astron. Instit. Neth.}}

@string{bulaps = {Bull. Am. Phys. Soc.}}

@string{bulasups = {Bull. Acad. Sci. USSR, Phys. Ser.}}

@string{bulcsj = {Bull. Chem. Soc. Jpn.}}

@string{bulssa = {Bull. Seismol. Soc. Am.}}

@string{c = {Chaos}}

@string{canjc = {Can. J. Chem.}}

@string{canjp = {Can. J. Phys.}}

@string{canjr = {Can. J. Res.}}

@string{chep = {Chem. Phys.}}

@string{chepl = {Chem. Phys. Lett.}}

@string{cher = {Chem. Rev.}}

@string{claqg = {Class. Quantum Grav.}}

@string{commp = {Commun. Math. Phys.}}

@string{comnpp = {Comments Nucl. Part. Phys.}}

@string{comp = {Comput. Phys.}}

@string{compam = {Commun. Pure Appl. Math.}}

@string{cr = {Comptes Rendus}}

@string{cras = {C. R. Acad. Sci.}}

@string{crasa = {C. R. Acad. Ser. A}}

@string{crasb = {C. R. Acad. Ser. B}}

@string{cry = {Cryogenics}}

@string{czejp = {Czech. J. Phys.}}

@string{disfs = {Discuss. Faraday Soc.}}

@string{dokans = {Dok. Akad. Nauk. SSSR}}

@string{earpsl = {Earth Planet. Sci. Lett.}}

@string{elel = {Electron. Lett.}}

@string{epjd = {Eur. Phys. J. D}}

@string{epl = {Europhys. Lett.}}

@string{exp = {Experientia}}

@string{fieq = {Fields Quanta}}

@string{fizecay = {Fiz. Elem. Chastits At. Yadra}}

@string{fizmm = {Fiz. Met. Metalloved.}}

@string{fiznt = {Fiz. Nizk. Temp.}}

@string{fizp = {Fiz. Plazmy}}

@string{fiztp = {Fiz. Tekh. Poluprovodn.}}

@string{fizttl = {Fiz. Tverd. Tela (Leningrad)}}

@string{fizz = {Fizika (Zagreb)}}

@string{forp = {Fortschr. Phys.}}

@string{foup = {Found. Phys.}}

@string{genrg = {Gen. Relativ. Gravit.}}

@string{geoca = {Geochim. Cosmochim. Acta}}

@string{georl = {Geophys. Res. Lett.}}

@string{hanp = {Handb. Phys.}}

@string{helca = {Helv. Chim. Acta}}

@string{helpa = {Helv. Phys. Acta}}

@string{higtu = {High Temp. (USSR)}}

@string{ibmjrd = {IBM J. Res. Dev.}}

@string{ica = {Icarus.}}

@string{ieejqe = {IEEE J. Quantum Electron.}}

@string{ieetap = {IEEE Trans. Antennas Propag.}}

@string{ieeted = {IEEE Trans. Electron Devices}}

@string{ieetim = {IEEE Trans. Instrum. Meas.}}

@string{ieetit = {IEEE Trans. Inf. Theory}}

@string{ieetm = {IEEE Trans. Magn.}}

@string{ieetmtt = {IEEE Trans. Microwave Theory Tech.}}

@string{ieetns = {IEEE Trans. Nucl. Sci.}}

@string{ieetsuiec = {IEEE Trans. Sonics Ultrason. Ind. Eng. Chem.}}

@string{infp = {Infrared Phys.}}

@string{inoc = {Inorg. Chem.}}

@string{inomu = {Inorg. Mater. (USSR)}}

@string{insetu = {Instrum. Exp. Tech. (USSR)}}

@string{intjm = {Int. J. Magn.}}

@string{intjqc = {Int. J. Quantum Chem.}}

@string{intjqc1 = {Int. J. Quantum Chem. 1}}

@string{intjqc2 = {Int. J. Quantum Chem. 2}}

@string{intjtp = {Int. J. Theor. Phys.}}

@string{izvansfao = {Izv. Akad. Nauk SSSR, Fiz. Atmos. Okeana}}

@string{izvansfz = {Izv. Akad. Nauk SSSR, Fiz. Zemli}}

@string{izvansnm = {Izv. Akad. Nauk SSSR, Neorg. Mater.}}

@string{izvanssf = {Izv. Akad. Nauk SSSR, Ser. Fiz.}}

@string{izvasuaop = {Izv. Acad. Sci. USSR, Atmos. Oceanic Phys.}}

@string{izvasupse = {Izv. Acad. Sci. USSR, Phys. Solid Earth}}

@string{izvvuzf = {Izv. Vyssh. Uchebn. Zaved. Fiz.}}

@string{izvvuzr = {Izv. Vyssh. Uchebn. Zaved. Radiofiz.}}

@string{jac = {J. Appl. Crystallogr.}}

@string{jachems = {J. Am. Chem. Soc.}}

@string{jacs = {J. Am. Ceram. Soc.}}

@string{jaes = {J. Audio Engin. Soc.}}

@string{jaiee = {J. Am. Inst. Electr. Eng.}}

@string{jap = {J. Appl. Phys.}}

@string{jas = {J. Atmos. Sci.}}

@string{jasa = {J. Acous. Soc. Am.}}

@string{jasu = {J. Appl. Spectrosc. (USSR)}}

@string{jatp = {J. Atmos. Terr. Phys.}}

@string{jcg = {J. Cryst. Growth}}

@string{jchemp = {J. Chem. Phys.}}

@string{jcompp = {J. Comput. Phys.}}

@string{jcp = {J. Comp. Phys.}}

@string{jcs = {J. Chem. Soc.}}

@string{jes = {J. Electrochem. Soc.}}

@string{jetl = {JETP Lett.}}

@string{jfm = {J. Fluid Mech.}}

@string{jgr = {J. Geophys. Res.}}

@string{jinc = {J. Inorg. Nucl. Chem.}}

@string{jl = {J. Lumin.}}

@string{jlt = {J. Lightwave Technol.}}

@string{jltp = {J. Low Temp. Phys.}}

@string{jmp = {J. Math. Phys.}}

@string{jmpcm = {J. Math. Phys. (Cambridge, Mass.)}}

@string{jmpny = {J. Math. Phys. (N.Y.)}}

@string{jmps = {J. Mech. Phys. Solids}}

@string{jmr = {J. Mater. Res.}}

@string{jms = {J. Mol. Spectrosc.}}

@string{jmsp = {J. Macromol. Sci. Phys.}}

@string{jncs = {J. Non-Cryst. Solids}}

@string{jne = {J. Nucl. Energy}}

@string{jnepc = {J. Nucl. Energy, Part C}}

@string{jnm = {J. Nucl. Mater.}}

@string{job = {J. Opt. B}}

@string{josa = {J. Opt. Soc. Am.}}

@string{josaa = {J. Opt. Soc. Am. A}}

@string{josab = {J. Opt. Soc. Am. B}}

@string{jpa = {J. Phys. A}}

@string{jpb = {J. Phys. B}}

@string{jpc = {J. Phys. C}}

@string{jpcm = {J. Phys. Condens. Mat.}}

@string{jpcrd = {J. Phys. Chem. Ref. Data}}

@string{jpcs = {J. Phys. Chem. Solids}}

@string{jpd = {J. Phys. D}}

@string{jpe = {J. Phys. E}}

@string{jpf = {J. Phys. F}}

@string{jpg = {J. Phys. G}}

@string{jpm = {J. Phys. (Moscow)}}

@string{jpnjap = {Jpn. J. Appl. Phys.}}

@string{jpnjp = {Jpn. J. Phys.}}

@string{jpp = {J. Plasma Phys.}}

@string{jpr = {J. Phys. Radium}}

@string{jps = {J. Polym. Sci.}}

@string{jpsj = {J. Phys. Soc. Jpn.}}

@string{jpsple = {J. Polym. Sci., Polym. Lett. Ed.}}

@string{jpsppe = {J. Polym. Sci., Polym. Phys. Ed.}}

@string{jpu = {J. Phys. USSR}}

@string{jqsrt = {J. uant. Spectros. Radiat. Transfer}}

@string{jr = {J. Rheol.}}

@string{jrnbs = {J. Res. Natl. Bur. Stand.}}

@string{jrnbssa = {J. Res. Natl. Bur. Stand. Sec. A}}

@string{jrnbssb = {J. Res. Natl. Bur. Stand. Sec. B}}

@string{jrnbssc = {J. Res. Natl. Bur. Stand. Sec. C}}

@string{jrnist = {J. Res. NIST}}

@string{jshd = {J. Speech Hear. Disord.}}

@string{jshr = {J. Speech Hear. Res.}}

@string{jsp = {J. Stat. Phys.}}

@string{jsv = {J. Sound Vib.}}

@string{jvst = {J. Vac. Sci. Technol.}}

@string{jvsta = {J. Vac. Sci. Technol. A}}

@string{jvstb = {J. Vac. Sci. Technol. B}}

@string{kdvsmfm = {K. Dan. Vidensk. Selsk. Mat. Fys. Medd.}}

@string{kolzzp = {Kolloid Z. Z. Polym.}}

@string{kri = {Kristallografiya}}

@string{kvaem = {Kvant. Elektron. (Moscow)}}

@string{lar = {Laryngoscope}}

@string{letnc = {Lett. Nuovo Cimento}}

@string{licob = {Lick Obs. Bull.}}

@string{lmj = {Lith. Math. J.}}

@string{matrb = {Mater. Res. Bull.}}

@string{medp = {Med. Phys.}}

@string{memras = {Mem. R. Astron. Soc.}}

@string{molclc = {Mol. Cryst. Liq. Cryst.}}

@string{molphys = {Mol. Phys.}}

@string{monnras = {Mon. Not. R. Astron. Soc.}}

@string{nat = {Nature}}

@string{natbsusc = {Natl. Bur. Stand. (U.S.), Circ.}}

@string{natbsusmp = {Natl. Bur. Stand. (U.S.), Misc. Publ.}}

@string{natbsussp = {Natl. Bur. Stand. (U.S.), Spec. Publ.}}

@string{natl = {Nature (London)}}

@string{natphys = {Nature Phys.}}

@string{nc = {Nuovo Cimento}}

@string{njp = {New J. Phys.}}

@string{non = {Nonlinearity}}

@string{nucdsa = {Nucl. Data, Sect. A}}

@string{nucf = {Nucl. Fusion}}

@string{nuci = {Nucl. Instrum.}}

@string{nucim = {Nucl. Instrum. Methods}}

@string{nucp = {Nucl. Phys.}}

@string{nucpa = {Nucl. Phys. A}}

@string{nucpb = {Nucl. Phys. B}}

@string{nucse = {Nucl. Sci. Eng.}}

@string{nuk = {Nukleonik}}

@string{nuoc = {Nuovo Cimento}}

@string{nuoca = {Nuovo Cimento A}}

@string{nuocb = {Nuovo Cimento B}}

@string{nws = {Naturwissenschaften}}

@string{oft = {Opt. Fiber Tech.}}

@string{opc = {Opt. Commun.}}

@string{opta = {Opt. Acta}}

@string{optc = {Opt. Commun.}}

@string{optex = {Opt. Express}}

@string{optl = {Opt. Lett.}}

@string{optmp = {Opt. Mekh. Prom.}}

@string{optn = {Opt. News}}

@string{opts = {Optik (Stuttgart)}}

@string{optsu = {Opt. Spectrosc. (USSR)}}

@string{pcps = {Proc. Camb. Phil. Soc.}}

@string{perp = {Percept. Psychophys.}}

@string{phim = {Philos. Mag.}}

@string{phirr = {Philips Res. Rep.}}

@string{phitrsl = {Philos. Trans. R. Soc. London}}

@string{phitrslsa = {Philos. Trans. R. Soc. London, Ser. A}}

@string{phycs = {Physics and Chemistry of Solids}}

@string{phyf = {Phys. Fluids}}

@string{phyfa = {Phys. Fluids A}}

@string{phyfb = {Phys. Fluids B}}

@string{phyl = {Phys. Lett.}}

@string{phyla = {Phys. Lett. A}}

@string{phylb = {Phys. Lett. B}}

@string{phymm = {Phys. of Metals and Metallography (USSR)}}

@string{phyny = {Phys. (N.Y.)}}

@string{phyr = {Phys. Rev.}}

@string{phyra = {Phys. Rev. A}}

@string{phyrb = {Phys. Rev. B}}

@string{phyrc = {Phys. Rev. C}}

@string{phyrd = {Phys. Rev. D}}

@string{phyrl = {Phys. Rev. Lett.}}

@string{physs = {Phys. Status Solidi}}

@string{physsa = {Phys. Status Solidi A}}

@string{physsb = {Phys. Status Solidi B}}

@string{phytea = {Phys. Teach.}}

@string{phytod = {Phys. Today}}

@string{phyu = {Physica (Utrecht)}}

@string{phyz = {Phys. Z.}}

@string{phyzs = {Phys. Z. Sowjetunion}}

@string{pisaz = {Pis'ma Astron. Zh.}}

@string{piszetf = {Pis'ma Zh. Eksp. Teor. Fiz.}}

@string{pisztf = {Pis'ma Zh. Tekh. Fiz.}}

@string{pla = {Phys. Lett. A}}

@string{plap = {Plasma Phys.}}

@string{plass = {Planet. Space Sci.}}

@string{pr = {Phys. Rev.}}

@string{pra = {Phys. Rev. A}}

@string{prd = {Phys. Rev. D}}

@string{pre = {Phys. Rev. E}}

@string{prite = {Prib. Tekh. Eksp.}}

@string{prl = {Phys. Rev. Lett.}}

@string{procps = {Proc. Cambridge Philos. Soc.}}

@string{proiee = {Proc. IEEE}}

@string{proire = {Proc. IRE}}

@string{pronasusa = {Proc. Natl. Acad. Sci. U.S.A}}

@string{propsl = {Proc. Phys. Soc. London}}

@string{propslsa = {Proc. Phys. Soc. London, Sect. A}}

@string{propslsb = {Proc. Phys. Soc. London, Sect. B}}

@string{prorlsa = {Proc. R. Soc. London, Ser. A}}

@string{prorsl = {Proc. R. Soc. London}}

@string{protp = {Prog. Theor. Phys.}}

@string{pubasp = {Publ. Astron. Soc. Pac.}}

@string{rad = {Radiology}}

@string{radeepu = {Radio Eng. Electron. Phys. (USSR)}}

@string{radeeu = {Radio Eng. Electron. (USSR)}}

@string{radeff = {Radiat. Eff.}}

@string{radele = {Radiotekh. Elektron.}}

@string{rads = {Radio Sci.}}

@string{rcar = {RCA Rev.}}

@string{reppp = {Rep. Prog. Phys.}}

@string{revg = {Rev. Geophys.}}

@string{revmp = {Rev. Mod. Phys.}}

@string{revoti = {Rev. Opt. Theor. Instrum.}}

@string{revsi = {Rev. Sci. Instrum.}}

@string{rmp = {Rev. Mod. Phys.}}

@string{rpp = {Rep. Prog. Phys.}}

@string{rusjpc = {Russ. J. Phys. Chem.}}

@string{sci = {Science}}

@string{scia = {Sci. Am.}}

@string{skpaw = {Stizungsber. Kgl. Preuss. Akad. Wiss.}}

@string{solp = {Sol. Phys.}}

@string{solsc = {Solid State Commun.}}

@string{solse = {Solid-State Electron.}}

@string{solsp = {Solid State Phys.}}

@string{sova = {Sov. Astron.}}

@string{soval = {Sov. Astron. Lett.}}

@string{sovjae = {Sov. J. At. En.}}

@string{sovjltp = {Sov. J. Low Temp. Phys.}}

@string{sovjnp = {Sov. J. Nucl. Phys.}}

@string{sovjot = {Sov. J. Opt. Technol.}}

@string{sovjpn = {Sov. J. Part. Nucl.}}

@string{sovjpp = {Sov. J. Plasma Phys.}}

@string{sovjqe = {Sov. J. Quantum Electron.}}

@string{sovpa = {Sov. Phys. Acoust.}}

@string{sovpc = {Sov. Phys. Crystallogr.}}

@string{sovpd = {Sov. Phys. Dokl.}}

@string{sovpj = {Sov. Phys. J.}}

@string{sovpjtep = {Sov. Phys. JTEP}}

@string{sovps = {Sov. Phys. Semicond.}}

@string{sovpss = {Sov. Phys. Solid State}}

@string{sovptp = {Sov. Phys. Tech. Phys.}}

@string{sovpu = {Sov. Phys. Usp.}}

@string{sovr = {Sov. Radiophys.}}

@string{sovtpl = {Sov. Tech. Phys. Lett.}}

@string{spea = {Spectrochim. Acta}}

@string{speapa = {Spectrochim. Acta, Part A}}

@string{speapb = {Spectrochim. Acta, Part B}}

@string{spj = {Sov. Phys. JETP}}

@string{supst = {Supercon. Sci. Technol.}}

@string{surs = {Surf. Sci.}}

@string{tec = {Tectonics}}

@string{tepvt = {Teplofiz. Vys. Temp.}}

@string{tet = {Tetrahedron}}

@string{theca = {Theor. Chim. Acta}}

@string{thisf = {Thin Solid Films}}

@string{traacs = {Trans. Am. Cryst. Soc.}}

@string{traagu = {Trans. Am. Geophys. Union}}

@string{traaimmpe = {Trans. Am. Inst. Min. Metall. Pet. Eng.}}

@string{traans = {Trans. Am. Nucl. Soc.}}

@string{traasm = {Trans. Am. Soc. Met.}}

@string{traasme = {Trans. Am. Soc. Mech. Eng.}}

@string{trabcs = {Trans. Br. Ceramic Society}}

@string{trafs = {Trans. Faraday Society}}

@string{tramsa = {Trans. Metall. Soc. AIME}}

@string{trasr = {Trans. Soc. Rheol.}}

@string{ukrfz = {Urk. Fiz. Zh. (Russ. Ed.)}}

@string{ukrpj = {Urk. Phys. J.}}

@string{ult = {Ultrasonics}}

@string{uspfn = {Usp. Fiz. Nauk}}

@string{wulzaps = {Wuli Xuebao (Acta Phys. Sin.)}}

@string{yadf = {Yad. Fiz.}}

@string{za = {Z. Astrophys.}}

@string{zaac = {Z. Anorg. Allg. Chem.}}

@string{zac = {Z. Anal. Chem.}}

@string{zap = {Z. Angew Phys.}}

@string{ze = {Z. Elektrochem.}}

@string{zhetf = {Zh. Eksp. Teor. Fiz.}}

@string{zhfk = {Zh. Fiz. Khim.}}

@string{zhps = {Zh. Prikl. Spektrosk.}}

@string{zhtf = {Zh. Tekh. Fiz.}}

@string{zkkkk = {Z. Kristallogr. Kristallgeom. Krystallphys. Kristallchem.}}

@string{zm = {Z. Metallk.}}

@string{zn = {Z. Naturforsch.}}

@string{znta = {Z. Naturforsch. Teil A}}

@string{zp = {Z. Phys.}}

@string{zpcfm = {Z. Phys. Chem. (Frankfurt am Main)}}

@string{zpcl = {Z. Phys. Chem. (Leipzig)}}


@article{info21,
	Author = {Grelu, P. and N. Akhmediev},
	Date-Added = {2016-05-10 17:36:23 +0000},
	Date-Modified = {2016-05-10 17:56:08 +0000},
	Journal = {Nat. Photon.},
	Number = {84},
	Title = {Dissipative solitons for mode-locked lasers},
	Volume = {6},
	Year = {2012}}

@article{info19,
	Author = {Jang, J.K. and Erkinalo, M. and Murdoch, S.G. and Coen, S.},
	Date-Added = {2016-05-10 17:34:07 +0000},
	Date-Modified = {2016-05-10 17:56:35 +0000},
	Journal = {Opt. Lett.},
	Number = {5503},
	Title = {Observation of dispersive wave emission by temporal cavity solitons},
	Volume = {39},
	Year = {2014}}

@article{info18,
	Author = {Jang, J.K. and Erkinalo, M. and Murdoch, S.G. and Coen, S.},
	Date-Added = {2016-05-10 17:32:11 +0000},
	Date-Modified = {2016-05-10 17:56:26 +0000},
	Journal = {Nat. Photon.},
	Number = {657},
	Title = {Ultraweak long-range interactions of solitons obseved over astronomical distances},
	Volume = {7},
	Year = {2013}}

@article{info17,
	Author = {Leo, F.  and Gelens, L. and Emplit, Ph. and Haelterman, M. and Coen, S.},
	Date-Added = {2016-05-10 17:29:21 +0000},
	Date-Modified = {2016-05-10 17:58:51 +0000},
	Journal = {Opt. Express},
	Number = {9180},
	Title = {Dynamics of one-dimensional Kerr cavity solitons},
	Volume = {21},
	Year = {2013}}

@article{info16,
	Author = {Leo, F. and Coen, S. and Kockaert, P. and Gorza, S.-P. and Emplit, P. and Haelterman, M.},
	Date-Added = {2016-05-10 17:24:39 +0000},
	Date-Modified = {2016-05-10 17:55:34 +0000},
	Journal = {Nat. Photon.},
	Number = {471},
	Title = {Temporal cavity solitons in one-dimensional Kerr media as bits in an all-optical buffer},
	Volume = {4},
	Year = {2012}}

@article{info15,
	Author = {Wabnitz, S. },
	Date-Added = {2016-05-10 17:22:50 +0000},
	Date-Modified = {2016-05-10 17:24:19 +0000},
	Journal = {Opt. Lett.},
	Number = {601},
	Title = {Suppression of interactions in a phase-locking soliton optical memory.},
	Volume = {18},
	Year = {1993}}

@article{ChuOpt,
	Author = {Chu, S. and Bjorkholm, J.E. and Ashkin, A. and Cable, A.},
	Date-Added = {2016-05-10 17:19:48 +0000},
	Date-Modified = {2016-05-10 18:00:57 +0000},
	Journal = {Phys. Rev. Lett.},
	Number = {314},
	Title = {Experimental Observation of Optically Trapped Atoms},
	Volume = {57},
	Year = {1986}}

@article{Ashkin1986,
	Author = {Ashkin, A. and Dziedzic, J.M. and Bjorkholm, J.E. and S. Chu},
	Date-Added = {2016-05-10 17:16:39 +0000},
	Date-Modified = {2016-05-10 18:01:22 +0000},
	Journal = {Opt. Lett.},
	Number = {288},
	Title = {Observation of a single-beam gradient force optical trap for dielectric particles},
	Volume = {11},
	Year = {1986}}

@article{Ashkin1970,
	Author = {Ashkin, A.},
	Date-Added = {2016-05-10 17:15:03 +0000},
	Date-Modified = {2016-05-10 17:15:56 +0000},
	Journal = {Phys. Rev. Lett.},
	Number = {156},
	Title = {Acceleration and Trapping of Particles by Radiation Pressure},
	Volume = {24},
	Year = {1970}}

@article{Ceperley,
	Author = {Ceperley, D. and Chester, G.V. and Kalos, M.H.},
	Date-Added = {2016-05-10 16:50:54 +0000},
	Date-Modified = {2016-05-10 18:25:46 +0000},
	Journal = {Phys. Rev. B},
	Number = {3081},
	Title = {Monte Carlo simulation of a many-fermion study},
	Volume = {16},
	Year = {1977}}

@article{QMC,
	Author = {McMillan},
	Date-Added = {2016-05-10 16:49:12 +0000},
	Date-Modified = {2016-05-10 16:50:15 +0000},
	Journal = {Phys. Rev. },
	Number = {A442},
	Title = {Ground State of Liquid He$^4$},
	Volume = {138},
	Year = {1965}}

@article{Kreibich,
	Author = {Kreibich, M. and Main, J. and Wunner, G.},
	Date-Added = {2016-05-10 16:41:08 +0000},
	Date-Modified = {2016-05-10 16:47:16 +0000},
	Journal = {J. Phys. B: At. Mol. Opt. Phys.},
	Number = {4},
	Title = {A variational approach to Bogoliubov excitations and dynamics of dipolar Bose-Einstein condensates},
	Volume = {46},
	Year = {2013}}

@article{Talanov1964,
	Author = {V.I. Talanov},
	Date-Added = {2016-05-07 22:22:38 +0000},
	Date-Modified = {2016-05-07 22:26:47 +0000},
	Journal = {Radiophysics},
	Number = {254},
	Title = {Propagation of short electromagnetic impulses in active medium},
	Volume = {7},
	Year = {1964}}

@article{Chiao1964,
	Author = {Chiao, R.Y. and Garmire, E. and Townes, C.H.},
	Date-Added = {2016-05-07 22:22:19 +0000},
	Date-Modified = {2016-05-07 22:28:03 +0000},
	Journal = {Phys. Rev. Lett.},
	Number = {479},
	Title = {Self-trapping of optical beams},
	Volume = {13},
	Year = {1964}}

@article{Ginzburg1956,
	Author = {Ginzburg, V.L.},
	Date-Added = {2016-05-07 22:16:04 +0000},
	Date-Modified = {2016-05-07 22:21:14 +0000},
	Journal = {Sov. Phys. JETP},
	Number = {589},
	Title = {On the Macroscopic Theory of Superconductivity},
	Volume = {2},
	Year = {1956}}

@article{Ginzburg1950,
	Author = {Ginzburg, V.L. and Landau, L.D.},
	Date-Added = {2016-05-07 22:04:43 +0000},
	Date-Modified = {2016-05-07 22:15:57 +0000},
	Journal = {Sov. Phys. JETP},
	Number = {1064},
	Title = {On the theory of superconductivity},
	Volume = {20},
	Year = {1950}}

@article{GinzburgPitaevskii,
	Author = {Ginzburg, V.L. and Pitaevskii, L.P.},
	Date-Added = {2016-05-07 22:04:27 +0000},
	Date-Modified = {2016-05-07 22:11:15 +0000},
	Journal = {Sov. Phys. JETP},
	Number = {1240},
	Title = {On the theory of superfluidity},
	Volume = {34},
	Year = {1958}}

@article{ParraRivas2014,
	Author = {P. Parra-Rivas and D. Gomila and M.A. Mat\'{i}as and P. Colet and L. Gelens},
	Date-Added = {2016-05-03 21:35:21 +0000},
	Date-Modified = {2016-05-10 17:53:29 +0000},
	Journal = {Opt. Express},
	Number = {30943-30954},
	Title = {Effects of inhomogeneities and drift on the dynamics of temporal solitons in fiber cavities and microresonators},
	Volume = {22},
	Year = {2014}}

@article{Gomila2007,
	Author = {D. Gomila and A.J. Scroggie and W.J. Firth},
	Date-Added = {2016-05-03 21:27:55 +0000},
	Date-Modified = {2016-05-10 17:53:53 +0000},
	Journal = {Physica D},
	Number = {70-77},
	Title = {Bifurcation structure of dissipative solitons},
	Volume = {227},
	Year = {2007}}

@book{Grelu,
	Address = {Weinheim, Germany},
	Date-Added = {2016-05-03 21:22:01 +0000},
	Date-Modified = {2016-05-03 21:41:06 +0000},
	Editor = {P. Grelu},
	Publisher = {Wiley-VCH Verlag GmbH \& Co. KGaA},
	Title = {Nonlinear Optical Cavity Dynamics: From Microresonators to Fiber Lasers},
	Year = {2016}}

@article{Theocharis2006,
	Author = {G. Theocharis and P.G. Kevrekidi and D.J. Frantzeskakis and P. Schmelcher},
	Date-Added = {2016-05-03 21:00:13 +0000},
	Date-Modified = {2016-05-10 17:52:50 +0000},
	Journal = {Phys. Rev. E},
	Number = {056608},
	Title = {Symmetry breaking in symmetric and asymmetric double-well potentials},
	Volume = {74},
	Year = {2006}}

@article{firth96,
	Author = {Firth, W.J. and A.J. Scroggie},
	Date-Added = {2016-04-27 23:58:44 +0000},
	Date-Modified = {2016-04-28 00:12:32 +0000},
	Journal = {Phys. Rev. Lett.},
	Number = {1996},
	Title = {Optical bullet holes: Robust controllable localized states of a nonlinear cavity},
	Volume = {76},
	Year = {1996}}

@article{info14,
	Author = {Webb, K.E. and M. Erkintalo and Y. Xu and N.G.R. Broderick and J.M. Dudley and G. Genty and S.G. Murdoch},
	Date-Added = {2016-04-27 22:13:19 +0000},
	Date-Modified = {2016-05-10 17:59:22 +0000},
	Journal = {Nat. Commun.},
	Number = {4969},
	Title = {Nonlinear optics of fibre event horizons},
	Volume = {5},
	Year = {2014}}

@article{info13,
	Author = { T.G. Philbin and C. Kuklewicz and S. Robertson and S. Hill and F. K\"{o}nig and U. Leonhardt},
	Date-Added = {2016-04-27 22:10:12 +0000},
	Date-Modified = {2016-05-10 17:54:52 +0000},
	Journal = {Science},
	Number = {1367},
	Title = {Fiber-optical analog of the event horizon},
	Volume = {319},
	Year = {2008}}

@article{info12,
	Author = {Gorbach, A.V. and Skryabin, D.V.},
	Date-Added = {2016-04-27 22:08:32 +0000},
	Date-Modified = {2016-04-27 22:10:01 +0000},
	Journal = {Nat. Photon.},
	Number = {653},
	Title = {Light trapping in gravity-like potentials and expansion of supercontinuum spectra in photonic-crystal fibres},
	Volume = {1},
	Year = {2007}}

@article{info11,
	Author = {Nishizawa, N. and Goto, T.},
	Date-Added = {2016-04-27 22:07:21 +0000},
	Date-Modified = {2016-04-27 22:08:30 +0000},
	Journal = {Opt. Express},
	Number = {359},
	Title = {Ultrafast all optical swtiching by use of pulse trapping across zero-dispersion wavelength},
	Volume = {11},
	Year = {2003}}

@article{info10,
	Author = {de Sterke, C.M.},
	Date-Added = {2016-04-27 22:06:48 +0000},
	Date-Modified = {2016-04-27 22:07:18 +0000},
	Journal = {Opt. Lett.},
	Number = {914},
	Title = {Optical push broom},
	Volume = {17},
	Year = {1992}}

@article{info9,
	Author = {Rothenberg, J.E.},
	Date-Added = {2016-04-27 22:05:36 +0000},
	Date-Modified = {2016-04-27 22:06:42 +0000},
	Journal = {Opt. Lett.},
	Number = {495},
	Title = {Intrafiber visible pulse compression by cross-phase modulation in a birefringent optical fiber},
	Volume = {15},
	Year = {1990}}

@article{info8,
	Author = {Th\'{e}venaz, L.},
	Date-Added = {2016-04-27 22:03:51 +0000},
	Date-Modified = {2016-04-27 22:04:40 +0000},
	Journal = {Nat. Photon.},
	Number = {474-481},
	Title = {Slow and fast light in optical fibers},
	Volume = {2},
	Year = {2008}}

@article{info7,
	Author = {Mok, J.T. and de Sterke, C.M. and Littler, I.C.M. and Eggleton, B.J.},
	Date-Added = {2016-04-27 22:01:58 +0000},
	Date-Modified = {2016-05-10 17:59:42 +0000},
	Journal = {Nature Phys.},
	Number = {775-780},
	Title = {Dispersionless slow light using gap solitons},
	Volume = {2},
	Year = {2006}}

@article{info6,
	Author = {Okawachi, Y. and M.S. Bigelow and J.E. Sharping and Z. Zhu and A. Schweinsberg and D.J. Gauthier and R.W. Boyd and A.L. Gaeta},
	Date-Added = {2016-04-27 21:58:59 +0000},
	Date-Modified = {2016-05-10 18:00:20 +0000},
	Journal = {Phys. Rev. Lett.},
	Number = {153902},
	Title = {Tunable all-optical delays via Brillouin slow light in an optical fiber},
	Volume = {94},
	Year = {2005}}

@article{info5,
	Author = {Hau, L.V. and Harris, S.E. and Dutton, Z. and Behroozi, C.H.},
	Date-Added = {2016-04-27 21:57:14 +0000},
	Date-Modified = {2016-04-27 21:58:56 +0000},
	Journal = {Nature},
	Number = {594-598},
	Title = {Light speed reduction to 17 metres per second in an ultracold atomic gas},
	Volume = {397},
	Year = {1999}}

@article{info4,
	Author = {Hau, L.V.},
	Date-Added = {2016-04-27 21:55:55 +0000},
	Date-Modified = {2016-04-27 21:57:11 +0000},
	Journal = {Nat. Photon.},
	Number = {451-453},
	Title = {Optical information processes in Bose-Einstein condensates},
	Volume = {2},
	Year = {2008}}

@article{info3,
	Author = {Boyd, R.W. and Gauthier, D.J. and Gaeta, A.L.},
	Date-Added = {2016-04-27 21:54:31 +0000},
	Date-Modified = {2016-05-10 18:00:37 +0000},
	Journal = {Opt. Photonics News},
	Number = {18-23},
	Title = {Applications of slow light in telecommunications},
	Volume = {17},
	Year = {2006}}

@article{info2,
	Author = {Lugiato, L.A.},
	Date-Added = {2016-04-27 21:53:04 +0000},
	Date-Modified = {2016-04-27 21:54:28 +0000},
	Journal = {IEEE J. Quantum Elec.},
	Number = {193-196},
	Title = {Introduction to the feature section on cavity solitons: an overview},
	Volume = {39},
	Year = {2003}}

@article{info1,
	Author = {Firth, W.J. and Weiss, C.O.},
	Date-Added = {2016-04-27 21:51:00 +0000},
	Date-Modified = {2016-04-27 21:52:59 +0000},
	Journal = {Opt. Photonics News},
	Number = {54-58},
	Title = {Cavity and feedback solitons},
	Volume = {13},
	Year = {2002}}

@article{JuliaSSB,
	Author = {J. Rossi and R. Carretero-Gonz\'alez and P.G. Kevrekidis and M. Haragus},
	Date-Added = {2016-04-11 19:22:34 +0000},
	Date-Modified = {2016-05-10 18:20:09 +0000},
	Title = {On the spontaneous time-reversal symmetry breaking in synchronously-pumped passive Kerr resonators},
	Year = {2016}}

@article{patterns,
	Author = {P. Parra-Rivas and D. Gomila and M.A. Mat\'{i}as and S. Coen and L. Gelens},
	Date-Added = {2016-04-07 18:01:00 +0000},
	Date-Modified = {2016-05-10 18:03:33 +0000},
	Journal = {Phys. Rev. A},
	Number = {043813},
	Title = {Dynamics of localized and patterned structures in Lugiato-Lefever equation determine the stability and shape of optical frequency combs},
	Volume = {89},
	Year = {2014}}

@article{tweezing,
	Author = {J.K. Jang and M. Erkintalo and S. Coen and S.G. Murdoch},
	Date-Added = {2016-04-07 18:00:25 +0000},
	Date-Modified = {2016-05-10 17:58:19 +0000},
	Journal = {Nature Communications},
	Number = {7370},
	Title = {Temporal tweezing of light through the trapping and manipulation of temporal cavity solitons},
	Volume = {6},
	Year = {2015}}

@article{LLE_french_PRA,
	Author = {C. Godey and I. Balakireva and A. Coillet and Y. K. Chembo},
	Date-Added = {2016-04-07 17:59:24 +0000},
	Date-Modified = {2016-05-10 18:03:55 +0000},
	Journal = {Phy. Rev. A},
	Number = {063814},
	Title = {Stability analysis of the spatiotemporal Lugiato-Lefever model for Kerr optical frequency combs in the anomalous and normal dispersion regimes},
	Volume = {89},
	Year = {2014}}

@article{JuliaNCVA,
	Author = {J. Rossi and R. Carretero-Gonz\'alez and P.G. Kevrekidis},
	Date-Added = {2016-04-07 17:58:40 +0000},
	Date-Modified = {2016-05-10 18:19:32 +0000},
	Journal = {arXiv:1508.07040},
	Title = {Non-Conservative Variational Approximation for Nonlinear Schr\"odinger Equations},
	Year = {2015}}

@article{XuCoenRef22b,
	Author = {J.K. Jang and M. Erkintalo and S. G. Murdoch and S. Coen},
	Date-Added = {2016-04-07 17:58:12 +0000},
	Date-Modified = {2016-05-10 17:57:34 +0000},
	Journal = {Nat. Photon.},
	Number = {657},
	Title = {Ultraweak long-range interactions of solitons obseved over astronomical distances},
	Volume = {7},
	Year = {2013}}

@article{XuCoenRef22a,
	Author = {F. Leo and S. Coen and P. Kockaert and S.-P. Gorza and Ph. Emplit and M. Haelterman},
	Date-Added = {2016-04-07 17:57:18 +0000},
	Date-Modified = {2016-05-10 18:05:04 +0000},
	Journal = {Nat. Photon.},
	Number = {471-476},
	Title = {Temporal cavity solitons in one-dimensional Kerr media as bits in an all-optical buffer},
	Volume = {4},
	Year = {2010}}

@article{rcg:88-2,
	Author = {V. Achilleos, and P.G. Kevrekidis, and D.J. Frantzeskakis, and R. Carretero-Gonz\'alez},
	Date-Added = {2016-04-07 17:55:56 +0000},
	Date-Modified = {2016-04-07 17:56:47 +0000},
	Journal = {Localized Excitations in Nonlinear Complex Systems, Nonlinear Systems and Complexity},
	Number = {3-42},
	Title = {Solitons and their ghosts in PT-symmetric systems with defocusing nonlinearities},
	Volume = {7},
	Year = {2014}}

@article{rcg:88,
	Author = {V. Achilleos and P.G. Kevrekidis and D.J. Frantzeskakis and R. Carretero-Gonz\'alez},
	Date-Added = {2016-04-07 17:55:02 +0000},
	Date-Modified = {2016-05-10 18:07:27 +0000},
	Journal = {Phys. Rev. A},
	Number = {013808},
	Title = {Dark solitons and vortices in PT-symmetric nonlinear media: from spontaneous symmetry breaking to nonlinear PT phase transitions},
	Volume = {86},
	Year = {2012}}

@article{cartarius2,
	Author = {A.S. Rodrigues, and K. Li, and V. Achilleos, and P.G. Kevrekidis, and D.J. Frantzeskakis, and C.M. Bender},
	Date-Added = {2016-04-07 17:54:10 +0000},
	Date-Modified = {2016-04-07 17:54:48 +0000},
	Journal = {Rom. Rep. Phys.},
	Number = {5},
	Volume = {65},
	Year = {2013}}

@article{cartarius,
	Author = {H. Cartarius and G. Wunner},
	Date-Added = {2016-04-07 17:53:27 +0000},
	Date-Modified = {2016-05-10 18:09:55 +0000},
	Journal = {Phys. Rev. A},
	Number = {013612},
	Title = {Model of a PT-symmetric Bose-Einstein condensate in a $\delta$-function double well potential},
	Volume = {86},
	Year = {2012}}

@article{yang,
	Author = {V.V. Konotop and J. Yang and D.A. Zezyulin},
	Date-Added = {2016-04-07 17:52:53 +0000},
	Date-Modified = {2016-05-10 18:11:28 +0000},
	Journal = {to appear in Rev. Mod. Phys. (arXiv:1603.06826)},
	Title = {Nonlinear waves in PT-symmetric systems},
	Year = {2016}}

@article{kivshar,
	Author = {S.V. Suchkov and A.A. Sukhorukov and J. Huang and S.V. Dmitriev and C. Lee and Yu.S. Kivshar},
	Date-Added = {2016-04-07 17:51:14 +0000},
	Date-Modified = {2016-05-10 18:12:52 +0000},
	Journal = {arXiv:1509.03378},
	Title = {Nonlinear switching and solitons in PT-symmetric photonic systems},
	Year = {2015}}

@book{Boris_SSB_book,
	Author = {B.A. Malomed},
	Date-Added = {2016-04-07 17:49:58 +0000},
	Date-Modified = {2016-04-07 17:50:59 +0000},
	Publisher = {Springer-Verlag},
	Series = {Progress in Optical Science and Photonics},
	Title = {Spontaneous Symmetry Breaking, Self-Trapping, and Josephson Oscillations},
	Volume = {1},
	Year = {2013}}

@article{Panos_PLA_2005,
	Author = {P.G. Kevrekidis and Z. Chen and B.A. Malomed and D.J. Frantzeskaki and M.I. Weinstein},
	Date-Added = {2016-04-07 17:49:09 +0000},
	Date-Modified = {2016-05-10 18:14:11 +0000},
	Journal = {Phys. Lett. A},
	Number = {275--280},
	Title = {Spontaneous symmetry breaking in photonic lattices: Theory and experiment},
	Volume = {6},
	Year = {2005}}

@article{Haelterman_OE_2006,
	Author = {B. Maes and M. Solja\v{c}o\'c and J.D. Joannopoulos and P. Bienstman and R. Baets and S-P. Gorza and M. Haelterman},
	Date-Added = {2016-04-07 17:48:01 +0000},
	Date-Modified = {2016-05-10 18:14:40 +0000},
	Journal = {Opt. Express},
	Number = {10678},
	Title = {Switching through symmetry breaking in coupled nonlinear micro-cavities},
	Volume = {14},
	Year = {2006}}

@article{Boris_Gisin_Kaplan_PRE_2000,
	Author = {B.V. Gisin and A. Kaplan and B.A. Malomed},
	Date-Added = {2016-04-07 17:47:13 +0000},
	Date-Modified = {2016-05-10 18:14:55 +0000},
	Journal = {Phys. Rev. E},
	Number = {2804},
	Title = {Spontaneous symmetry breaking and switching in planar nonlinear optical antiwaveguides},
	Volume = {62},
	Year = {2000}}

@article{kenkre,
	Author = {V. M. Kenkre and D. K. Campbell},
	Date-Added = {2016-04-07 17:46:07 +0000},
	Date-Modified = {2016-05-10 18:16:58 +0000},
	Journal = {Phys. Rev. B},
	Number = {4959(R)},
	Title = {Self-Trapping on a Dimer: Time-dependent Solutions of a Discrete Nonlinear Schroedinger Equation},
	Volume = {34},
	Year = {1986}}

@book{stanley,
	Address = {Oxford},
	Author = {H.E. Stanley},
	Date-Added = {2016-04-07 17:45:19 +0000},
	Date-Modified = {2016-04-07 17:46:02 +0000},
	Publisher = {Oxford University Press},
	Title = {Introduction to phase transitions and critical phenomena},
	Year = {1971}}

@book{zurek,
	Address = {Dordrech},
	Author = {H. Arodz and J. Dziarmaga and W.H. Zurek},
	Date-Added = {2016-04-07 17:44:33 +0000},
	Date-Modified = {2016-05-10 18:17:19 +0000},
	Publisher = {Kluwer Academic Publishers},
	Title = {Patterns of symmetry breaking},
	Year = {2003}}

@article{SharkaAleksic_PRL_06,
	Author = {V. Skarka and N.B. Aleksi{\'c}},
	Date-Added = {2016-04-06 01:12:27 +0000},
	Date-Modified = {2016-04-06 01:13:12 +0000},
	Title = {tability Criterion for Dissipative Soliton Solutions of the One-, Two-, %and Three-Dimensional Complex Cubic-Quintic Ginzburg-Landau Equations}}

@article{YAN,
	Author = {D. Yan, and R. Carretero-Gonz\'{a}lez, and D.J. Frantzeskakis, and P.G. Kevrekidis, and N.P. Proukakis, and D. Spirn},
	Date-Added = {2016-04-05 19:40:52 +0000},
	Date-Modified = {2016-04-05 19:41:54 +0000},
	Journal = {Phys. Rev. A},
	Number = {436138},
	Title = {Exploring Vortex Dynamics in the Presence of Dissipation: Analytical and Numerical Results.},
	Volume = {89},
	Year = {2014}}

@article{Skarka:14,
	Author = {V. Skarka and N.B. Aleksi\'{c} and M. Leki\'{c} and B.N. Aleksi\'{c} and B.A. Malomed and D. Mihalache and H. Leblond},
	Date-Added = {2016-04-05 19:37:52 +0000},
	Date-Modified = {2016-04-28 00:23:32 +0000},
	Journal = {Phys. Rev. A},
	Number = {023845},
	Title = {Formation of complex two-dimensional dissipative solitons via spontaneous symmetry breaking},
	Volume = {90},
	Year = {2014}}

@article{Skarka:10,
	Author = {V. Skarka and N.B. Aleksi\'{c} and H. Leblond and B.A. Malomed and D. Mihalache},
	Date-Added = {2016-04-05 19:36:45 +0000},
	Date-Modified = {2016-04-28 00:22:53 +0000},
	Journal = {Phys. Rev. Lett.},
	Number = {213901},
	Title = {Varieties of Stable Solitons in Ginzburg-Landau Media with Radially Inhomogeneous Losses},
	Volume = {105},
	Year = {2010}}

@article{Skarka:06,
	Author = {V. Skarka and N.B. Aleksi\'{c}},
	Date-Added = {2016-04-05 19:35:41 +0000},
	Date-Modified = {2016-04-05 19:36:18 +0000},
	Journal = {Phys. Rev. Lett.},
	Number = {013903},
	Title = {Stability Criterion for Dissipative Soliton Solutions of the One-,Two-, and Three-Dimensional Complex Cubic-Quintic Ginzburg-Landau Equations},
	Volume = {96},
	Year = {2006}}

@article{Keeling2008,
	Author = {J. Keeling and N.G. Berloff},
	Date-Added = {2016-04-05 19:34:49 +0000},
	Date-Modified = {2016-04-05 19:35:33 +0000},
	Journal = {Phys. Rev. Lett.},
	Number = {250401},
	Title = {Spontaneous Rotating Vortex Lattices in a Pumped Decaying Condensate},
	Volume = {100},
	Year = {2008}}

@article{Baizakov,
	Author = {B. B. Baizakov, and S. M. Al-Marzoug, and H. Bahlouli},
	Date-Added = {2016-04-05 19:33:33 +0000},
	Date-Modified = {2016-04-05 19:34:41 +0000},
	Journal = {Phys. Rev. A},
	Title = {Interaction of solitons in one-dimensional dipolar Bose-Einstein condensates and formation of soliton molecules},
	Volume = {(Accepted 25 August 2015)},
	Year = {2015}}

@article{ref94,
	Author = {A.S. Rodrigues, and P.G. Kevrekidis, and R. Carretero-Gonz{\'a}lez, and J. Cuevas-Maraver, and D.J. Frantzeskakis, and F. Palmero},
	Date-Added = {2016-04-05 19:32:31 +0000},
	Date-Modified = {2016-04-05 19:33:22 +0000},
	Journal = {J. Phys.: Condens. Matter},
	Number = {155801},
	Title = {From Nodeless Clouds and Vortices to Gray Rings and Symmetry-Broken States in Two-Dimensional Polariton Condensates},
	Volume = {26},
	Year = {2014}}

@article{LLE,
	Author = {M. Haelterman and S. Trillo and S. Wabnitz},
	Date-Added = {2016-04-05 19:31:46 +0000},
	Date-Modified = {2016-05-10 18:19:51 +0000},
	Journal = {Opt. Commun.},
	Number = {401--407},
	Title = {Dissipative modulation instability in a nonlinear dispersive ring cavity},
	Volume = {91},
	Year = {1992}}

@article{LL,
	Author = {L.A. Lugiato and R. Lefever},
	Date-Added = {2016-04-05 19:31:05 +0000},
	Date-Modified = {2016-04-05 19:31:41 +0000},
	Journal = {Phys. Rev. Lett.},
	Number = {2209--2211},
	Title = {Spatial dissipative structures in passive optical systems},
	Volume = {58},
	Year = {1987}}

@article{tweeze,
	Author = {J.K. Jang and M. Erkintalo and S. Coen and S. G. Murdoch},
	Date-Added = {2016-04-05 19:29:38 +0000},
	Date-Modified = {2016-05-10 17:56:43 +0000},
	Journal = {Nat. Commun.},
	Number = {7370},
	Title = {Temporal tweezing of light through the trapping and manipulation of temporal cavity solitons},
	Volume = {6},
	Year = {2015}}

@article{smirnov,
	Author = {L.A. Smirnov and D.A. Smirnova and E.A. Ostrovskaya and Yu.S. Kivshar},
	Date-Added = {2016-04-05 19:28:51 +0000},
	Date-Modified = {2016-05-10 17:52:19 +0000},
	Journal = {Phys. Rev. B},
	Number = {235310},
	Title = {Dynamics and stability of dark solitons in exciton-polartiton condensates},
	Volume = {89},
	Year = {2014}}

@article{qGauss,
	Author = {A.I. Nicolin and R. Carretero-Gonz\'alez},
	Date-Added = {2016-04-05 19:28:09 +0000},
	Date-Modified = {2016-04-05 19:28:43 +0000},
	Journal = {Physica A},
	Number = {6032},
	Title = {Nonlinear dynamics of Bose-condensed gases by means of a q-Gaussian variational approac},
	Volume = {387},
	Year = {2008}}

@article{ref8,
	Author = {J. Cuevas and A.S. Rodrigues and R. Carretero-Gonz\'alez and P.G. Kevrekidis and D.J. Frantzeskakis},
	Date-Added = {2016-04-05 19:27:24 +0000},
	Date-Modified = {2016-05-10 18:19:16 +0000},
	Journal = {Phys. Rev B},
	Number = {245140},
	Title = {Nonlinear Excitations, Stability Inversions and Dissipative Dynamics in Quasi-one-dimensional Polariton Condensates},
	Volume = {83},
	Year = {2011}}

@article{berl_review,
	Author = {J. Keeling and N.G. Berloff},
	Date-Added = {2016-04-05 19:26:26 +0000},
	Date-Modified = {2016-04-07 03:42:15 +0000},
	Journal = {Contemp. Phys.},
	Number = {131--151},
	Title = {Exciton-polariton condensation},
	Volume = {52},
	Year = {2011}}

@article{kbb,
	Author = {M.O. Borgh and J. Keeling and N.G. Berloff},
	Date-Added = {2016-04-05 19:25:43 +0000},
	Date-Modified = {2016-05-10 18:20:33 +0000},
	Journal = {Phys. Rev. B},
	Number = {234302},
	Title = {Spatial pattern formation and polarization dynamics of a nonequilibrium spinor polariton condensate},
	Volume = {81},
	Year = {2010}}

@article{berloff1,
	Author = {J. Keeling and N.G. Berloff},
	Date-Added = {2016-04-05 19:25:02 +0000},
	Date-Modified = {2016-04-12 18:27:48 +0000},
	Journal = {Phys. Rev. Lett.},
	Number = {250401},
	Title = {Spontaneous Rotating Vortex Lattices in a Pumped Decaying Condensate},
	Volume = {100},
	Year = {2008}}

@article{amo4,
	Author = {D. Sanvitto and S. Pigeon and A. Amo and D. Ballarini and M. De Giorgi and I. Carusotto and R. Hivet and F. Pisanello and V.G. Sala and P.S.S. Guimaraes and R. Houdre and E. Giacobino and C. Ciuti and A. Bramati and G. Gigli},
	Date-Added = {2016-04-05 19:23:19 +0000},
	Date-Modified = {2016-05-10 18:21:22 +0000},
	Journal = {Nature Photonics},
	Number = {610--614},
	Title = {All-optical control of the quantum flow of a polariton condensate},
	Volume = {5},
	Year = {2011}}

@article{amo3,
	Author = {A. Amo and T.C.H. Liew and C. Adrados and R. Houdr{\'e} and E. Giacobino and A.V. Kavokin and A. Bramati},
	Date-Added = {2016-04-05 19:22:16 +0000},
	Date-Modified = {2016-05-10 18:21:44 +0000},
	Journal = {Nature Photonics},
	Number = {361--366},
	Title = {Exciton-polariton spin switches},
	Volume = {4},
	Year = {2010}}

@article{amo2,
	Author = {A. Amo and D. Sanvitto and F.P. Laussy and D. Ballarini and E. del Valle and M.D. Martin and A. Lemaitre and J. Bloch and D.N. Krizhanovskii and M.S. Skolnick and C. Tejedor and L Vina},
	Date-Added = {2016-04-05 19:20:59 +0000},
	Date-Modified = {2016-05-10 18:22:22 +0000},
	Journal = {Nature},
	Number = {291--296},
	Title = {Collective fluid dynamics of a polariton condensate in a semiconductor microcavity},
	Volume = {457},
	Year = {2009}}

@article{roumpos2,
	Author = {G. Roumpos and M.D. Fraser and A. L{\"o}ffler and S. H{\"o}fling and A. Forchel and Y. Yamamoto},
	Date-Added = {2016-04-05 19:20:07 +0000},
	Date-Modified = {2016-05-10 18:23:30 +0000},
	Journal = {Nature Physics},
	Number = {129--133},
	Title = {Single vortex-antivortex pair in an exciton-polariton condensate},
	Volume = {7},
	Year = {2011}}

@article{roumpos,
	Author = {M.D. Fraser and G. Roumpos and Y. Yamamoto},
	Date-Added = {2016-04-05 19:19:22 +0000},
	Date-Modified = {2016-05-10 18:23:47 +0000},
	Journal = {New J. Phys.},
	Number = {113048},
	Title = {Vortex-antivortex pair dynamics in an exciton-polariton condensate},
	Volume = {11},
	Year = {2009}}

@article{lagou1,
	Author = {K.G. Lagoudakis and M. Wouters and M. Richard and A. Baas and I. Carusotto and R. Andr{\'e} and L.S. Dang and B. Deveaud-Pl{\'e}dran},
	Date-Added = {2016-04-05 19:18:22 +0000},
	Date-Modified = {2016-05-10 18:24:17 +0000},
	Journal = {Nature Physics},
	Number = {796--710},
	Title = {Quantized vortices in an exciton-polariton condensate},
	Volume = {4},
	Year = {2008}}

@article{amo1,
	Author = {A. Amo and  J. Lefr{\`e}re and S. Pigeon and C. Abrados and C. Ciuti and I. Carusotto and R. Houdr{\'e} and E. Giacobino and A. Bramati},
	Date-Added = {2016-04-05 19:17:10 +0000},
	Date-Modified = {2016-05-10 18:24:51 +0000},
	Journal = {Nature Physics},
	Number = {805--809},
	Title = {Superfluidity of polaritons in semiconductor microcavities},
	Volume = {5},
	Year = {2009}}

@article{RMP,
	Author = {H. Deng and H. Haug and Y. Yamamoto},
	Date-Added = {2016-04-05 19:16:20 +0000},
	Date-Modified = {2016-05-10 18:25:05 +0000},
	Journal = {Rev. Mod. Phys.},
	Number = {1489--1537},
	Title = {Exciton-polariton Bose-Einstein condensation},
	Volume = {82},
	Year = {2010}}

@article{ref3,
	Author = {S. Ch\'{a}vez Cerda and S.B. Cavalcanti and J. M. Hickmann},
	Date-Added = {2016-04-05 19:15:21 +0000},
	Date-Modified = {2016-05-10 18:25:33 +0000},
	Journal = {Eur. Phys. J. D},
	Number = {313},
	Title = {A variational approach of nonlinear dissipative pulse propagation},
	Volume = {1},
	Year = {1998}}

@book{nonlinsc,
	Address = {Oxford},
	Author = {A. Scott},
	Date-Added = {2016-04-05 19:13:10 +0000},
	Date-Modified = {2016-04-05 19:13:40 +0000},
	Publisher = {Oxford University Press},
	Title = {Nonlinear Science. Emergence and Dynamics of Coherent Structures},
	Year = {2003}}

@article{ref6,
	Author = {Yu. S. Kivshar and X. Yang},
	Date-Added = {2016-04-05 19:12:28 +0000},
	Date-Modified = {2016-05-10 17:49:35 +0000},
	Journal = {Phys. Rev. E.},
	Number = {1657},
	Title = {Perturbation-induced dynamics of dark solitons Perturbation-induced dynamics of dark solitons},
	Volume = {49},
	Year = {1994}}

@article{ref5,
	Author = {D. Anderson},
	Date-Added = {2016-04-05 19:10:30 +0000},
	Date-Modified = {2016-04-05 19:12:12 +0000},
	Journal = {Phys. Rev. A},
	Number = {3135},
	Title = {Variational approach to nonlinear pulse propagation in optical fibers},
	Volume = {27},
	Year = {1983}}

@book{ref10,
	Address = {San Diego, CA},
	Author = {G.P. Agrawal},
	Date-Added = {2016-04-05 19:09:43 +0000},
	Date-Modified = {2016-04-05 19:10:27 +0000},
	Edition = {2nd Ed.},
	Publisher = {Academic Press},
	Title = {Nonlinear Fiber Optics},
	Year = {1995}}

@book{acnewell,
	Address = {Philadelphia},
	Author = {A.C. Newell},
	Date-Added = {2016-04-05 19:08:38 +0000},
	Date-Modified = {2016-04-05 19:09:10 +0000},
	Publisher = {SIAM},
	Title = {Solitons in Mathematics and Physics},
	Year = {1985}}

@book{zakhbook,
	Address = {New York},
	Author = {V.E. Zakharov, and S.V. Manakov, and S.P. Nonikov, and L.P. Pitaevskii},
	Date-Added = {2016-04-05 19:07:53 +0000},
	Date-Modified = {2016-04-05 19:08:29 +0000},
	Publisher = {Consultants Bureau},
	Title = {Theory of Solitons},
	Year = {1984}}

@book{segur,
	Address = {Philadelphia},
	Author = {M.J. Ablowitz and H. Segur},
	Date-Added = {2016-04-05 19:07:05 +0000},
	Date-Modified = {2016-04-05 19:07:47 +0000},
	Publisher = {SIAM},
	Title = {Solitons and the Inverse Scattering Transform},
	Year = {1981}}

@book{chap01:bourgain,
	Address = {Providence},
	Author = {J. Bourgain},
	Date-Added = {2016-04-05 19:06:04 +0000},
	Date-Modified = {2016-04-05 19:06:58 +0000},
	Publisher = {Global Solutions of Nonlinear Schr{\"o}dinger Equations},
	Title = {Global Solutions of Nonlinear Schr{\"o}dinger Equations},
	Year = {1999}}

@article{review,
	Author = {R.~Carretero-Gonz\'alez, and P. G. Kevrekidis, and D. J.~Frantzeskakis},
	Date-Added = {2016-04-05 18:59:00 +0000},
	Date-Modified = {2016-04-05 18:59:49 +0000},
	Journal = {Nonlinearity},
	Number = {R139},
	Volume = {21},
	Year = {2008}}

@book{BECBOOK,
	Date-Added = {2016-04-05 18:57:23 +0000},
	Date-Modified = {2016-05-10 18:25:20 +0000},
	Editor = {P.G.~Kevrekidis and D.J.~Frantzeskakis and R.~Carretero-Gonz\'alez},
	Publisher = {Springer Series on Atomic, Optical, and Plasma Physics},
	Title = {Emergent Nonlinear Phenomena in Bose-Einstein Condensates: Theory and Experiment},
	Volume = {45},
	Year = {2008}}

@book{infeld,
	Address = {Cambridge},
	Author = {E. Infeld and G. Rowlands},
	Date-Added = {2016-04-05 18:56:46 +0000},
	Date-Modified = {2016-04-05 18:57:18 +0000},
	Publisher = {Cambridge University Press},
	Title = {Nonlinear Waves, Solitons and Chaos},
	Year = {1990}}

@article{Ichikawa:73,
	Author = {B.D.\ Fried and Y.H.\ Ichikawa},
	Date-Added = {2016-04-05 18:55:52 +0000},
	Date-Modified = {2016-04-05 18:56:37 +0000},
	Journal = {J.\ Phys.\ Soc.\ Jpn.\},
	Number = {1073--1082},
	Title = {On the nonlinear Schr\"odinger equation for Langmuir waves},
	Volume = {34},
	Year = {1973}}

@article{Ichikawa:72,
	Author = {Y.H.\ Ichikawa, and T.\ Imamure and T.\ Taniuti},
	Date-Added = {2016-04-05 18:54:43 +0000},
	Date-Modified = {2016-04-05 18:55:46 +0000},
	Journal = {J.\ Phys.\ Soc.\ Jpn},
	Number = {189--197},
	Title = {Nonlinear wave modulation in collisionless plasma},
	Volume = {34},
	Year = {1972}}

@article{Tappert:70,
	Author = {F.\ Tappert and C.M.\ Varma},
	Date-Added = {2016-04-05 18:53:36 +0000},
	Date-Modified = {2016-04-05 18:54:22 +0000},
	Journal = {Phys.\ Rev.\ Lett.\},
	Number = {1108--1111},
	Title = {Asymptotic theory of self trapping of heat pulses in solids},
	Volume = {25},
	Year = {1970}}

@book{has2,
	Address = {Oxford},
	Author = {A. Hasegawa and Y. Kodama},
	Date-Added = {2016-04-05 18:52:35 +0000},
	Date-Modified = {2016-04-05 18:53:07 +0000},
	Publisher = {Clarendon Press},
	Title = {Solitons in Optical Communications},
	Year = {1995}}

@book{ab1,
	Address = {Heidelberg},
	Author = {F.Kh. Abdullaev, and S.A. Darmanyan, and P.K. Khabibullaev},
	Date-Added = {2016-04-05 18:51:43 +0000},
	Date-Modified = {2016-04-05 18:52:28 +0000},
	Publisher = {Springer-Verlag},
	Title = {Optical Solitons},
	Year = {1993}}

@book{has1,
	Address = {Heidelberg},
	Author = {A. Hasegawa},
	Date-Added = {2016-04-05 18:50:27 +0000},
	Date-Modified = {2016-04-05 18:51:12 +0000},
	Publisher = {Springer-Verlag},
	Title = {Optical Solitons in Fibers},
	Year = {1990}}

@article{Hasegawa:73,
	Author = {A.\ Hasegawa and F.\ Tappert},
	Date-Added = {2016-04-05 18:49:45 +0000},
	Date-Modified = {2016-04-05 18:50:19 +0000},
	Journal = {Appl.\ Phy.\ Lett.\},
	Number = {142--144},
	Title = {Transmission of stationary nonlinear optical pulses in dispersive dielectric fibers},
	Volume = {23},
	Year = {1973}}

@article{Newell:67,
	Author = {D.J.\ Benney and A.C.\ Newell},
	Date-Added = {2016-04-05 18:48:31 +0000},
	Date-Modified = {2016-04-05 18:49:37 +0000},
	Journal = {J.\ Math.\ Phys.\},
	Number = {133--139},
	Title = {The propagation of nonlinear wave envelopes},
	Volume = {46},
	Year = {1967}}

@book{NLPDE,
	Address = {Boston},
	Author = {L.~Debnath},
	Date-Added = {2016-04-05 18:47:19 +0000},
	Date-Modified = {2016-04-05 18:48:09 +0000},
	Publisher = {Birkhauser},
	Title = {Nonlinear Partial Differential Equations for Scientists and Engineers},
	Year = {2005}}

@book{dodd,
	Address = {New York},
	Author = {R.K. Dodd, and J.C. Eilbeck, and J.D. Gibbon, and H.C. Morris},
	Date-Added = {2016-04-05 18:46:18 +0000},
	Date-Modified = {2016-04-05 18:47:11 +0000},
	Publisher = {Academic},
	Title = {Solitons and Nonlinear Wave Equations},
	Year = {1983}}

@book{chap01:sulem,
	Address = {New York},
	Author = {C. Sulem and P.L. Sulem},
	Date-Added = {2016-04-05 18:45:38 +0000},
	Date-Modified = {2016-04-05 18:46:10 +0000},
	Publisher = {Springer-Verlag},
	Title = {The Nonlinear Schr{\"o}dinger Equation},
	Year = {1999}}

@book{Goldstein,
	Address = {Reading, MA},
	Author = {H. Goldstein},
	Date-Added = {2016-04-05 18:44:40 +0000},
	Date-Modified = {2016-04-05 18:45:22 +0000},
	Publisher = {Addison-Wesley},
	Title = {Classical Mechanics},
	Year = {1980}}

@article{Aranson:02,
	Author = {I.S. Aranson and L. Kramer},
	Date-Added = {2016-04-05 18:43:19 +0000},
	Date-Modified = {2016-04-05 18:44:05 +0000},
	Journal = {The world of the complex Ginzburg-Landau equation},
	Number = {99--143},
	Title = {The world of the complex Ginzburg-Landau equation},
	Volume = {74},
	Year = {2002}}

@book{chap01:ablowitz,
	Address = {Cambridge},
	Author = {M.J. Ablowitz and B. Prinari and A.D. Trubatch},
	Date-Added = {2016-04-05 18:41:55 +0000},
	Date-Modified = {2016-04-28 00:14:59 +0000},
	Publisher = {Cambridge University Press},
	Title = {Discrete and Continuous Nonlinear Schr\"{o}dinger Systems},
	Year = {2004}}

@book{pitas1,
	Address = {Cambridge},
	Author = {C.J. Pethick and H. Smith},
	Date-Added = {2016-04-05 18:40:51 +0000},
	Date-Modified = {2016-04-05 18:41:45 +0000},
	Publisher = {Cambridge University Press},
	Title = {Bose-Einstein condensation in dilute gases},
	Year = {2002}}

@book{pitas,
	Address = {Oxford},
	Author = {L.P. Pitaevskii and S. Stringari},
	Date-Added = {2016-04-05 18:39:50 +0000},
	Date-Modified = {2016-04-05 18:40:46 +0000},
	Publisher = {Oxford University Press},
	Title = {Bose-Einstein Condensation},
	Year = {2003}}

@article{ref4,
	Author = {P.G. Kevrekidis},
	Date-Added = {2016-04-05 18:26:05 +0000},
	Date-Modified = {2016-05-10 18:27:23 +0000},
	Journal = {Phys.~Rev.~A},
	Number = {010102},
	Title = {Variational method for nonconservative field theories: Formulation and two PT-symmetric case examples},
	Volume = {89},
	Year = {2014}}

@article{Galley:14,
	Author = {C.R. Galley and D. Tsang and L.C. Stein},
	Date-Added = {2016-04-05 18:24:47 +0000},
	Date-Modified = {2016-04-28 00:21:23 +0000},
	Journal = {arXiv:1412.3082 [math-ph]},
	Title = {The principle of stationary nonconservative action for classical mechanics and field theories},
	Year = {2014}}

@article{Kaup:07,
	Author = {D.J. Kaup and T.K. Vogel},
	Date-Added = {2016-04-05 18:24:02 +0000},
	Date-Modified = {2016-04-28 00:20:33 +0000},
	Journal = {Phys. Lett. A},
	Number = {289},
	Title = {Quantitative measurement of variational approximations},
	Volume = {362},
	Year = {2007}}

@article{Kaup:96,
	Author = {D.J. Kaup and T.I. Lakoba},
	Date-Added = {2016-04-05 18:22:49 +0000},
	Date-Modified = {2016-04-28 00:19:27 +0000},
	Journal = {J. Math. Phys},
	Number = {3442},
	Title = {Variational Method: How It Can Generate False Instabilities},
	Volume = {37},
	Year = {1996}}

@book{Kivshar:03,
	Address = {London},
	Author = {Yu. S. Kivshar and G. Agrawal},
	Date-Added = {2016-04-05 18:21:38 +0000},
	Date-Modified = {2016-05-10 17:46:09 +0000},
	Publisher = {Academic Press},
	Title = {Optical Solitons: From Fibers to Photonic Crystals},
	Year = {2003}}

@book{Dauxois:03,
	Address = {London},
	Author = {Th.~ Dauxois and M.~ Peyrard},
	Date-Added = {2016-04-05 18:20:54 +0000},
	Date-Modified = {2016-04-05 18:21:35 +0000},
	Publisher = {Cambridge University Press},
	Title = {Physics of Solitons},
	Year = {2003}}

@book{Boris:06,
	Address = {Berlin},
	Author = {B.~A.~ Malomed},
	Date-Added = {2016-04-05 18:19:29 +0000},
	Date-Modified = {2016-04-05 18:20:49 +0000},
	Publisher = {Springer-Verlag},
	Title = {Soliton Management in Periodic Systems},
	Year = {2006}}

@article{Boris:02,
	Author = {B.A. Malomed},
	Date-Added = {2016-04-05 18:18:11 +0000},
	Date-Modified = {2016-04-28 00:17:33 +0000},
	Journal = {Prog. Opt.},
	Number = {71},
	Title = {Variational methods in nonlinear fiber optics and related fields},
	Volume = {43},
	Year = {2002}}

@article{Keeling2008v1,
	Author = {Keeling, J.~ and Berloff, N.~G.~},
	Date-Added = {2014-09-15 04:09:27 +0000},
	Date-Modified = {2016-04-07 03:37:09 +0000},
	Doi = {10.1103/PhysRevLett.100.250401},
	Issue = {25},
	Journal = {Phys. Rev. Lett.},
	Month = {Jun},
	Numpages = {4},
	Pages = {250401},
	Publisher = {American Physical Society},
	Title = {Spontaneous Rotating Vortex Lattices in a Pumped Decaying Condensate},
	Url = {http://link.aps.org/doi/10.1103/PhysRevLett.100.250401},
	Volume = {100},
	Year = {2008},
	Bdsk-Url-1 = {http://link.aps.org/doi/10.1103/PhysRevLett.100.250401},
	Bdsk-Url-2 = {http://dx.doi.org/10.1103/PhysRevLett.100.250401}}

@article{Cuevas2011,
	Author = {Cuevas, J.~ and Rodrigues, A.~S.~ and Carretero-Gonz\'alez, R.~ and Kevrekidis, P.~G.~ and Frantzeskakis, D.~J.~},
	Date-Added = {2014-09-15 04:07:09 +0000},
	Date-Modified = {2014-09-15 05:29:35 +0000},
	Doi = {10.1103/PhysRevB.83.245140},
	Issue = {24},
	Journal = {Phys. Rev. B},
	Month = {Jun},
	Numpages = {10},
	Pages = {245140},
	Publisher = {American Physical Society},
	Title = {Nonlinear excitations, stability inversions, and dissipative dynamics in quasi-one-dimensional polariton condensates},
	Url = {http://link.aps.org/doi/10.1103/PhysRevB.83.245140},
	Volume = {83},
	Year = {2011},
	Bdsk-Url-1 = {http://link.aps.org/doi/10.1103/PhysRevB.83.245140},
	Bdsk-Url-2 = {http://dx.doi.org/10.1103/PhysRevB.83.245140}}

@article{Anderson1983,
	Author = {Anderson, D.},
	Date-Added = {2014-09-15 03:14:58 +0000},
	Date-Modified = {2016-04-05 19:11:35 +0000},
	Doi = {10.1103/PhysRevA.27.3135},
	Issue = {6},
	Journal = {Phys. Rev. A},
	Month = {Jun},
	Number = {3135--3145},
	Numpages = {0},
	Publisher = {American Physical Society},
	Title = {Variational approach to nonlinear pulse propagation in optical fibers},
	Url = {http://link.aps.org/doi/10.1103/PhysRevA.27.3135},
	Volume = {27},
	Year = {1983},
	Bdsk-Url-1 = {http://link.aps.org/doi/10.1103/PhysRevA.27.3135},
	Bdsk-Url-2 = {http://dx.doi.org/10.1103/PhysRevA.27.3135}}

@article{Kivshar1994,
	Author = {Kivshar, Y.S. and Yang, X.},
	Date-Added = {2014-09-14 23:25:25 +0000},
	Date-Modified = {2016-05-10 17:46:30 +0000},
	Doi = {10.1103/PhysRevE.49.1657},
	Issue = {2},
	Journal = {Phys. Rev. E},
	Month = {Feb},
	Number = {1657--1670},
	Numpages = {0},
	Publisher = {American Physical Society},
	Title = {Perturbation-induced dynamics of dark solitons},
	Url = {http://link.aps.org/doi/10.1103/PhysRevE.49.1657},
	Volume = {49},
	Year = {1994},
	Bdsk-Url-1 = {http://link.aps.org/doi/10.1103/PhysRevE.49.1657},
	Bdsk-Url-2 = {http://dx.doi.org/10.1103/PhysRevE.49.1657}}

@article{Malomed2002,
	Author = {Malomed, B.~A.~},
	Date-Added = {2014-09-14 23:19:49 +0000},
	Date-Modified = {2014-09-15 05:31:25 +0000},
	Journal = {Prog. Opt.},
	Pages = {71-191},
	Title = {Variational methods in nonlinear fiber optics and related fields},
	Volume = {43},
	Year = {2002}}

@article{XuCoen,
	Adsnote = {Provided by the SAO/NASA Astrophysics Data System},
	Adsurl = {http://adsabs.harvard.edu/abs/2014OptL...39.3492X},
	Archiveprefix = {arXiv},
	Author = {{Xu}, Y.~ and {Coen}, S.~},
	Date-Added = {2014-09-10 16:59:09 +0000},
	Date-Modified = {2016-04-05 19:30:54 +0000},
	Doi = {10.1364/OL.39.003492},
	Eprint = {1401.2972},
	Journal = {Opt. Lett.},
	Month = jun,
	Number = {3492},
	Primaryclass = {physics.optics},
	Title = {Experimental observation of the spontaneous breaking of the time-reversal symmetry in a synchronously pumped passive Kerr resonator},
	Volume = 39,
	Year = 2014,
	Bdsk-Url-1 = {http://dx.doi.org/10.1364/OL.39.003492}}

@article{Jonsson,
	Author = {J\"onsson, B.~ and Peterson, C.~ and S\"oderberg, B.~},
	Date-Added = {2014-09-10 16:24:09 +0000},
	Date-Modified = {2014-09-15 05:27:08 +0000},
	Journal = {Phys. Rev. Lett.},
	Month = {Jul},
	Number = {3},
	Pages = {376--379},
	Title = {Variational approach to correlations in charged polymers},
	Volume = {71},
	Year = {1993},
	Bdsk-File-1 = {YnBsaXN0MDDUAQIDBAUGJCVYJHZlcnNpb25YJG9iamVjdHNZJGFyY2hpdmVyVCR0b3ASAAGGoKgHCBMUFRYaIVUkbnVsbNMJCgsMDxJXTlMua2V5c1pOUy5vYmplY3RzViRjbGFzc6INDoACgAOiEBGABIAFgAdccmVsYXRpdmVQYXRoWWFsaWFzRGF0YV8QMy4uLy4uLy4uL0RvY3VtZW50cy9QYXBlcnMvUGh5c1JldkxldHQuNzEuMzc2LmJpYnRleNIXCxgZV05TLmRhdGFPEQG4AAAAAAG4AAIAAAxNYWNpbnRvc2ggSEQAAAAAAAAAAAAAAAAAAADI2UBNSCsAAAOsQZ8ZUGh5c1JldkxldHQuNzEuMzc2LmJpYnRleAAAAAAAAAAAAAAAAAAAAAAAAAAAAAAAAAAAAAAAAAAAAAAAAAAAA6xBC9A1yPEAAAAAAAAAAAADAAMAAAkgAAAAAAAAAAAAAAAAAAAABlBhcGVycwAQAAgAAMjZor0AAAARAAgAANA2K2EAAAABABADrEGfAAhOQgAITBAAAJMlAAIAR01hY2ludG9zaCBIRDpVc2VyczoAanVsZXM6AERvY3VtZW50czoAUGFwZXJzOgBQaHlzUmV2TGV0dC43MS4zNzYuYmlidGV4AAAOADQAGQBQAGgAeQBzAFIAZQB2AEwAZQB0AHQALgA3ADEALgAzADcANgAuAGIAaQBiAHQAZQB4AA8AGgAMAE0AYQBjAGkAbgB0AG8AcwBoACAASABEABIANlVzZXJzL2p1bGVzL0RvY3VtZW50cy9QYXBlcnMvUGh5c1JldkxldHQuNzEuMzc2LmJpYnRleAATAAEvAAAVAAIADP//AACABtIbHB0eWiRjbGFzc25hbWVYJGNsYXNzZXNdTlNNdXRhYmxlRGF0YaMdHyBWTlNEYXRhWE5TT2JqZWN00hscIiNcTlNEaWN0aW9uYXJ5oiIgXxAPTlNLZXllZEFyY2hpdmVy0SYnVHJvb3SAAQAIABEAGgAjAC0AMgA3AEAARgBNAFUAYABnAGoAbABuAHEAcwB1AHcAhACOAMQAyQDRAo0CjwKUAp8CqAK2AroCwQLKAs8C3ALfAvEC9AL5AAAAAAAAAgEAAAAAAAAAKAAAAAAAAAAAAAAAAAAAAvs=}}

@article{Cuevas,
	Author = {Cuevas, J. and Rodrigues, A. S. and Carretero-Gonz\'alez, R. and Kevrekidis, P. G. and Frantzeskakis, D. J.},
	Date-Added = {2014-09-10 16:17:11 +0000},
	Date-Modified = {2014-09-10 16:20:31 +0000},
	Journal = {Phys. Rev. B},
	Month = {Jun},
	Number = {24},
	Pages = {245140},
	Title = {Nonlinear excitations, stability inversions, and dissipative dynamics in quasi-one-dimensional polariton condensates},
	Volume = {83},
	Year = {2011},
	Bdsk-File-1 = {YnBsaXN0MDDUAQIDBAUGJCVYJHZlcnNpb25YJG9iamVjdHNZJGFyY2hpdmVyVCR0b3ASAAGGoKgHCBMUFRYaIVUkbnVsbNMJCgsMDxJXTlMua2V5c1pOUy5vYmplY3RzViRjbGFzc6INDoACgAOiEBGABIAFgAdccmVsYXRpdmVQYXRoWWFsaWFzRGF0YV8QPS4uLy4uLy4uL0Rvd25sb2Fkcy9TY2hvb2wgRG93bmxvYWRzL1BoeXNSZXZCLjgzLjI0NTE0MC5iaWJ0ZXjSFwsYGVdOUy5kYXRhTxEB1gAAAAAB1gACAAAMTWFjaW50b3NoIEhEAAAAAAAAAAAAAAAAAAAAyNlATUgrAAAD/UE8GVBoeXNSZXZCLjgzLjI0NTE0MC5iaWJ0ZXgAAAAAAAAAAAAAAAAAAAAAAAAAAAAAAAAAAAAAAAAAAAAAAAAAAAOsP9DQNcdRAAAAAAAAAAAAAwADAAAJIAAAAAAAAAAAAAAAAAAAABBTY2hvb2wgRG93bmxvYWRzABAACAAAyNmivQAAABEACAAA0DYpwQAAAAEAEAP9QTwACHYhAAhMEAAAkyUAAgBRTWFjaW50b3NoIEhEOlVzZXJzOgBqdWxlczoARG93bmxvYWRzOgBTY2hvb2wgRG93bmxvYWRzOgBQaHlzUmV2Qi44My4yNDUxNDAuYmlidGV4AAAOADQAGQBQAGgAeQBzAFIAZQB2AEIALgA4ADMALgAyADQANQAxADQAMAAuAGIAaQBiAHQAZQB4AA8AGgAMAE0AYQBjAGkAbgB0AG8AcwBoACAASABEABIAQFVzZXJzL2p1bGVzL0Rvd25sb2Fkcy9TY2hvb2wgRG93bmxvYWRzL1BoeXNSZXZCLjgzLjI0NTE0MC5iaWJ0ZXgAEwABLwAAFQACAAz//wAAgAbSGxwdHlokY2xhc3NuYW1lWCRjbGFzc2VzXU5TTXV0YWJsZURhdGGjHR8gVk5TRGF0YVhOU09iamVjdNIbHCIjXE5TRGljdGlvbmFyeaIiIF8QD05TS2V5ZWRBcmNoaXZlctEmJ1Ryb290gAEACAARABoAIwAtADIANwBAAEYATQBVAGAAZwBqAGwAbgBxAHMAdQB3AIQAjgDOANMA2wK1ArcCvALHAtAC3gLiAukC8gL3AwQDBwMZAxwDIQAAAAAAAAIBAAAAAAAAACgAAAAAAAAAAAAAAAAAAAMj},
	Bdsk-File-2 = {YnBsaXN0MDDUAQIDBAUGJCVYJHZlcnNpb25YJG9iamVjdHNZJGFyY2hpdmVyVCR0b3ASAAGGoKgHCBMUFRYaIVUkbnVsbNMJCgsMDxJXTlMua2V5c1pOUy5vYmplY3RzViRjbGFzc6INDoACgAOiEBGABIAFgAdccmVsYXRpdmVQYXRoWWFsaWFzRGF0YV8QPS4uLy4uLy4uL0Rvd25sb2Fkcy9TY2hvb2wgRG93bmxvYWRzL1BoeXNSZXZCLjgzLjI0NTE0MC5iaWJ0ZXjSFwsYGVdOUy5kYXRhTxEB1gAAAAAB1gACAAAMTWFjaW50b3NoIEhEAAAAAAAAAAAAAAAAAAAAyNlATUgrAAAD/UE8GVBoeXNSZXZCLjgzLjI0NTE0MC5iaWJ0ZXgAAAAAAAAAAAAAAAAAAAAAAAAAAAAAAAAAAAAAAAAAAAAAAAAAAAOsP9DQNcdRAAAAAAAAAAAAAwADAAAJIAAAAAAAAAAAAAAAAAAAABBTY2hvb2wgRG93bmxvYWRzABAACAAAyNmivQAAABEACAAA0DYpwQAAAAEAEAP9QTwACHYhAAhMEAAAkyUAAgBRTWFjaW50b3NoIEhEOlVzZXJzOgBqdWxlczoARG93bmxvYWRzOgBTY2hvb2wgRG93bmxvYWRzOgBQaHlzUmV2Qi44My4yNDUxNDAuYmlidGV4AAAOADQAGQBQAGgAeQBzAFIAZQB2AEIALgA4ADMALgAyADQANQAxADQAMAAuAGIAaQBiAHQAZQB4AA8AGgAMAE0AYQBjAGkAbgB0AG8AcwBoACAASABEABIAQFVzZXJzL2p1bGVzL0Rvd25sb2Fkcy9TY2hvb2wgRG93bmxvYWRzL1BoeXNSZXZCLjgzLjI0NTE0MC5iaWJ0ZXgAEwABLwAAFQACAAz//wAAgAbSGxwdHlokY2xhc3NuYW1lWCRjbGFzc2VzXU5TTXV0YWJsZURhdGGjHR8gVk5TRGF0YVhOU09iamVjdNIbHCIjXE5TRGljdGlvbmFyeaIiIF8QD05TS2V5ZWRBcmNoaXZlctEmJ1Ryb290gAEACAARABoAIwAtADIANwBAAEYATQBVAGAAZwBqAGwAbgBxAHMAdQB3AIQAjgDOANMA2wK1ArcCvALHAtAC3gLiAukC8gL3AwQDBwMZAxwDIQAAAAAAAAIBAAAAAAAAACgAAAAAAAAAAAAAAAAAAAMj}}

@article{Galley,
	Author = {Galley, C.~R.~},
	Date-Added = {2014-05-14 19:56:12 +0000},
	Date-Modified = {2016-04-05 18:36:40 +0000},
	Doi = {10.1103/PhysRevLett.110.174301},
	Issue = {17},
	Journal = {Phys. Rev. Lett.},
	Month = {Apr},
	Number = {174301},
	Numpages = {5},
	Publisher = {American Physical Society},
	Title = {Classical Mechanics of Nonconservative Systems},
	Url = {http://link.aps.org/doi/10.1103/PhysRevLett.110.174301},
	Volume = {110},
	Year = {2013},
	Bdsk-Url-1 = {http://link.aps.org/doi/10.1103/PhysRevLett.110.174301},
	Bdsk-Url-2 = {http://dx.doi.org/10.1103/PhysRevLett.110.174301}}

@article{CoenXu,
	Adsnote = {Provided by the SAO/NASA Astrophysics Data System},
	Adsurl = {http://adsabs.harvard.edu/abs/2014arXiv1401.2972X},
	Archiveprefix = {arXiv},
	Author = {{Xu}, Y. and {Coen}, S.},
	Date-Added = {2014-04-28 05:01:00 +0000},
	Date-Modified = {2014-04-28 05:01:20 +0000},
	Eprint = {1401.2972},
	Journal = {ArXiv e-prints},
	Keywords = {Physics - Optics},
	Month = jan,
	Primaryclass = {physics.optics},
	Title = {{Experimental observation of the spontaneous breaking of the time-reversal symmetry in a synchronously-pumped passive Kerr resonator}},
	Year = 2014}

@article{Cerda,
	Author = {S.~Ch\'{a}vez Cerda and S.~B.~ Cavalcanti and J.~M.~ Hickmann},
	Date-Added = {2014-04-28 04:44:05 +0000},
	Date-Modified = {2016-04-05 19:16:11 +0000},
	Journal = {Eur. Phys. J. D},
	Number = {313-316},
	Title = {A variational approach of nonlinear dissipative pulse propagation},
	Volume = {1},
	Year = {1998}}

@article{Kevrekidis2014,
	Author = {Kevrekidis, P.~G.~},
	Date-Added = {2014-04-27 21:18:28 +0000},
	Date-Modified = {2014-09-15 05:28:46 +0000},
	Doi = {10.1103/PhysRevA.89.010102},
	Issue = {1},
	Journal = {Phys. Rev. A},
	Month = {Jan},
	Numpages = {5},
	Pages = {010102},
	Publisher = {American Physical Society},
	Title = {Variational method for nonconservative field theories: Formulation and two $\mathcal{PT}$-symmetric case examples},
	Url = {http://link.aps.org/doi/10.1103/PhysRevA.89.010102},
	Volume = {89},
	Year = {2014},
	Bdsk-Url-1 = {http://link.aps.org/doi/10.1103/PhysRevA.89.010102},
	Bdsk-Url-2 = {http://dx.doi.org/10.1103/PhysRevA.89.010102}}

@article{johnsonbig,
	Author = {Ormand, W.E. and Johnson, C.W.},
	Date-Added = {2011-12-14 11:28:20 -0800},
	Date-Modified = {2011-12-14 11:28:54 -0800},
	Journal = {to be published}}

@article{Ema03a,
	Author = {Ema, I. and Garc{\'\i}a de la Vega, J. M. and Ram{\'\i}rez, G. and L{\'o}pez, R. and Fern{\'a}ndez Rico, J. and Meissner, H. and Paldus, J.},
	Date-Added = {2011-12-12 15:40:12 -0800},
	Date-Modified = {2011-12-12 15:40:24 -0800},
	Doi = {10.1002/jcc.10227},
	Issn = {1096-987X},
	Journal = {Journal of Computational Chemistry},
	Keywords = {Slater-type atomic orbital basis sets, basis set optimization, electron affinities, ionization and excitation energies},
	Number = {7},
	Pages = {859--868},
	Publisher = {Wiley Subscription Services, Inc., A Wiley Company},
	Title = {Polarized basis sets of Slater-type orbitals: H to Ne atoms},
	Url = {http://dx.doi.org/10.1002/jcc.10227},
	Volume = {24},
	Year = {2003},
	Bdsk-Url-1 = {http://dx.doi.org/10.1002/jcc.10227}}

@article{stetcu04a,
	Author = {Stetcu, I. and Johnson, C.W.},
	Date-Added = {2011-12-12 12:34:04 -0800},
	Date-Modified = {2011-12-12 12:35:14 -0800},
	Journal = {Phys. Rev. C},
	Number = {024311},
	Title = {Gamow-Teller transitions and deformation in the proton-neutron random phase approximation},
	Volume = {69},
	Year = {2004}}

@article{stetcu03a,
	Author = {Stetcu, I. and Johnson, C.W.},
	Date-Added = {2011-12-12 12:31:07 -0800},
	Date-Modified = {2011-12-12 12:33:58 -0800},
	Journal = {Phys. Rev. C},
	Number = {044315},
	Title = {Tests of the random phase approximation for transition strengths},
	Volume = {67},
	Year = {2003}}

@book{Friedrich06,
	Author = {Harold Friedrich},
	Booktitle = {Theoretical Atomic Physics},
	Date-Added = {2011-12-12 12:28:53 -0800},
	Date-Modified = {2011-12-12 12:31:03 -0800},
	Edition = {Third},
	Publisher = {Springer},
	Title = {Theoretical Atomic Physics},
	Year = {2006}}

@book{AngMomentum,
	Author = {D.A. Varshalovich and A.N. Moskalev and V.K. Khersonskii},
	Date-Added = {2011-03-25 19:12:45 -0700},
	Date-Modified = {2011-03-25 19:30:15 -0700},
	Publisher = {World Scientific Publishing Company},
	Rating = {5},
	Read = {1},
	Title = {Quantum Theory of Angular Momentum},
	Year = {1988}}

@article{zhangj04a,
	Author = {Zhang, J.-Y. and Yan, Z.-C.},
	Journal = JPB,
	Pages = 723,
	Title = {Long-range interactions for hydrogen molecular ions},
	Volume = 37,
	Year = 2004}

@article{zhouh89a,
	Author = {Zhou, H.L. and Norcross, D.W.},
	Journal = PRA,
	Pages = 5048,
	Title = {Improved calculation of the quadratic Stark effect in the 6$P_{3/2}$ state of Cs},
	Volume = 40,
	Year = 1989}

@article{bromleym06a,
	Author = {Bromley, M.W.J. and Mitroy, J.},
	Journal = INTJQC,
	Pages = 1150,
	Title = {Convergence of the Partial Wave Expansion of the He Ground State},
	Volume = 107,
	Year = 2007}

@article{dereviankoa09a,
	Author = {Derevianko, A. and Porsev, S.G. and Babb, J.F.},
	Date-Modified = {2011-04-08 10:36:34 -0700},
	Journal = ADNDT,
	Month = {May},
	Number = {3},
	Pages = {323-331},
	Title = {Electric dipole polarizabilities at imaginary frequencies for the alkali-metal, alkaline-earth, and inert gas atoms},
	Volume = {96},
	Year = 2010}

@article{kremsr04a,
	Author = {Krems, R.V. and Groenenboom, G.C., and Dalgarno, A.},
	Journal = JPC,
	Pages = 8941,
	Title = {Electronic Interaction Anisotropy between Atoms in Arbitrary Angular Momentum States},
	Volume = 108,
	Year = 2004}

@article{chux05a,
	Author = {Chu, X. and Dalgarno, A. and Groenenboom, G.},
	Journal = PRA,
	Pages = 032703,
	Title = {Polarizabilities of Sc and Ti atoms and dispersion coefficients for their interaction with helium atoms},
	Volume = 72,
	Year = 2005}

@article{chux04a,
	Author = {Chu, X. and Dalgarno, A.},
	Journal = JCHEMP,
	Pages = 4083,
	Title = {Linear response time-dependent density functional theory for van der Waals coefficients},
	Volume = 121,
	Year = 2004}

@article{chux05b,
	Author = {Chu, X. and Dalgarno, A.},
	Journal = ADVAMOP,
	Title = {Polarizabilities of $^{3}$P atoms and van der Waals coefficients for their interaction with helium atoms},
	Volume = 51,
	Year = 2005}

@article{marinescum94a,
	Author = {Marinescu, M. and Sadeghpour, H.R. and Dalgarno, A.},
	Journal = PRA,
	Pages = 982,
	Title = {Dispersion coefficients for alkali-metal dimers},
	Volume = 49,
	Year = 1994}

@article{marinescum94b,
	Author = {Marinescu, M. and Babb, J.F. and Dalgarno, A.},
	Journal = PRA,
	Pages = 3096,
	Title = {Long-range potentials, including retardation, for the interaction of two alkali-metal atoms},
	Volume = 50,
	Year = 1994}

@article{marinescum95a,
	Author = {Marinescu, M. and Dalgarno, A.},
	Journal = PRA,
	Pages = 311,
	Title = {Dispersion forces and long-range electronic transition dipole moments of alkali-metal dimer excited states},
	Volume = 52,
	Year = 1995}

@article{marinescum99a,
	Author = {Marinescu, M. and Sadeghpour, H.R.},
	Journal = PRA,
	Pages = 390,
	Title = {Long-range potentials for two-species alkali-metal atoms},
	Volume = 59,
	Year = 1999}

@article{marinescum99b,
	Author = {Marinescu, M. and You, L.},
	Journal = PRA,
	Pages = 1936,
	Title = {Casimir-Polder long-range interaction potentials between alkali-metal atoms},
	Volume = 59,
	Year = 1999}

@article{marinescum97a,
	Author = {Marinescu, M. and Starace, A.F.},
	Journal = PRA,
	Pages = 4321,
	Title = {Dispersion coefficients for highly excited molecular states of K$_{2}$},
	Volume = 56,
	Year = 1997}

@article{marinescum97b,
	Author = {Marinescu, M.},
	Journal = PRA,
	Pages = 4764,
	Title = {Dispersion coefficients for the $nP-nP$ asymptote of homonuclear alkali-metal dimers},
	Volume = 56,
	Year = 1997}

@article{marinescum99c,
	Author = {Marinescu, M. and Sadeghpour, H.R.},
	Journal = PRA,
	Pages = 390,
	Title = {Long-range potentials for two-species alkali-metal atoms},
	Volume = 59,
	Year = 1999}

@article{yanz96a,
	Author = {Yan, Z.C. and Babb, J.F. and Dalgarno, A. and Drake, G.W.F.},
	Journal = PRA,
	Pages = 2824,
	Title = {Variational calculations of dispersion coefficients for interactions among H, He, and Li atoms},
	Volume = 54,
	Year = 1996}

@article{kharchenkop97a,
	Author = {Kharchenko, P. and Babb, J.F. and Dalgarno, A.},
	Journal = PRA,
	Pages = 3566,
	Title = {Long-range interactions of sodium atoms},
	Volume = 55,
	Year = 1997}

@article{santrar04a,
	Author = {Santra, R. and Christ, K.V. and Greene, C.H.},
	Journal = PRA,
	Pages = 042510,
	Title = {Properties of metastable alkaline-earth-metal atoms calculated using an accurate effective core potential},
	Volume = 69,
	Year = 2004}

@article{santrar03a,
	Author = {Santra, R. and Greene, C.H.},
	Journal = PRA,
	Pages = 062713,
	Title = {Tensorial analysis of the long-range interaction between metastable alkaline-earth-metal atoms},
	Volume = 67,
	Year = 2003}

@article{merawam98a,
	Author = {M\'{e}rawa, M. and Dargelos, A.},
	Journal = JCP,
	Pages = 1711,
	Title = {Dynamic polarizabilities and Van der Waals coefficients for alkali atoms Li, Na and alkali dimer molecules Li$_{2}$, Na$_{2}$ and NaLi},
	Volume = 95,
	Year = 1998}

@article{stwalleyw78a,
	Author = {Stwalley, W.C. and Uang, Y.},
	Journal = PHYRL,
	Pages = 1164,
	Title = {Pure Long-Range Molecules},
	Volume = 41,
	Year = 1978}

@article{proctort77a,
	Author = {Proctor, T.R. and Stwalley, W.C.},
	Journal = JCHEMP,
	Pages = 2063,
	Title = {The long-range interactions of $S$-state alkali atoms with rare gas and hydrogn atoms},
	Volume = 66,
	Year = 1977}

@article{zhuj01a,
	Author = {Zhu, J.-M. and Zhou, B.-L. and Yan, Z.-C.},
	Journal = JPB,
	Pages = 1535,
	Title = {Long-range interactions for H(1s)-He($n^{1,3}$P), H(1s)-Li($n^2$P) and He($1^1$S)-Li($n^2$P)},
	Volume = 34,
	Year = 2001}

@article{mitroyj03a,
	Author = {Mitroy, J. and Bromley, M.W.J.},
	Journal = PRA,
	Pages = 052714,
	Title = {Semiemperical calculation of the van der Waals coefficients for alkali-metal and alkaline-earth-metal atoms},
	Volume = 68,
	Year = 2003}

@article{mitroyj03b,
	Author = {Mitroy, J. and Bromley, M.W.J.},
	Journal = PRA,
	Pages = 035201,
	Title = {van der Waals coefficients for positronium-atom interactions},
	Volume = 68,
	Year = 2003}

@article{mitroyj05a,
	Author = {Mitroy, J. and Bromley, M.W.J.},
	Journal = PRA,
	Pages = 04701,
	Title = {Higher-order $C_{n}$ dispersion coefficients for the alkali-metal atoms},
	Volume = 71,
	Year = 2005}

@article{zhangj07a,
	Author = {Zhang, J.-Y. and Mitroy, J.},
	Date-Modified = {2011-04-11 17:56:44 -0700},
	Journal = PRA,
	Month = {Aug},
	Number = {2},
	Pages = 022705,
	Title = {Long-range dispersion interactions. I. Formalism for two heteronuclear atoms},
	Volume = 76,
	Year = 2007}

@article{mitroyj07a,
	Author = {Mitroy, J and Zhang, J.-Y.},
	Date-Modified = {2011-04-11 17:57:18 -0700},
	Journal = PRA,
	Month = {Sep},
	Number = {3},
	Pages = 032706,
	Title = {Long-range dispersion interactions. II. Alkali-metal and rare-gas atoms},
	Volume = 76,
	Year = 2007}

@article{mitroyj07b,
	Author = {Mitroy, J and Zhang, J.-Y.},
	Date-Modified = {2011-04-11 17:55:48 -0700},
	Journal = PRA,
	Month = {Dec},
	Number = {6},
	Pages = 062703,
	Title = {Long-range dispersion interactions. III: Method for two homonuclear atoms},
	Volume = 76,
	Year = 2007}

@article{zhangj07b,
	Author = {Zhang, J.-Y. and Mitroy, J. and Bromley, M.W.J.},
	Journal = PRA,
	Pages = 042509,
	Title = {Dispersion coefficients of the excited states of lithium atoms},
	Volume = 75,
	Year = 2007}

@article{mitroyj04a,
	Author = {Mitroy, J. and Bromley, M.W.J.},
	Journal = PRA,
	Pages = 052503,
	Title = {Properties of the triplet metastable states of the alkaline-earth-metal atoms},
	Volume = 70,
	Year = 2004}

@book{ralstona78a,
	Author = {Ralston, A. and Rabinowitz, P.},
	Edition = {2nd},
	Publisher = {Dover Publications, Inc.},
	Title = {A First Course in Numerical Analysis},
	Year = 1978}

@book{radziga85a,
	Address = {Berlin},
	Author = {Radzig, A.A. and Smirnov, B.M.},
	Publisher = {Springer},
	Series = {Chemical Physics},
	Title = {Reference data on atoms, molecules, and ions},
	Volume = {31},
	Year = {1985}}

@book{margenauh71a,
	Author = {Margenau, H. and Kestner, N.R.},
	Edition = {2nd},
	Publisher = {Pergamon Press},
	Title = {Theory of intermolecular forces},
	Year = 1978}

@book{betheh68a,
	Author = {Bethe, H. and Jackiw, R.W.},
	Edition = {2nd},
	Publisher = {W. A. Benjamin, Inc},
	Title = {Intermediate Quantum Mechanics},
	Year = 1968}

@book{sakuraij94a,
	Author = {Sakurai, J.J.},
	Publisher = {Addison-Wesley Publishing Company},
	Title = {Modern Quantum Mechanics},
	Year = 1994}

@book{betheh77a,
	Address = {Mineola},
	Author = {Bethe, H.A. and Salpeter, E.E.},
	Publisher = {Dover Publications, Inc.},
	Title = {Quantum Mechanics of One- and Two-Electron Atoms},
	Year = 1977}

@book{sobelmani79a,
	Address = {Berlin},
	Author = {Sobelman, I.I.},
	Publisher = {Springer},
	Series = {Chemical Physics},
	Title = {Atomic Spectra and Radiative Transitions},
	Volume = {1},
	Year = {1979}}

@book{shankarr94a,
	Author = {Shankar, R.},
	Edition = {2nd},
	Publisher = {Dover Publications, Inc.},
	Title = {A First Course in Numerical Analysis},
	Year = 1978}

@book{friedrichh06a,
	Author = {Friedrich, H.},
	Edition = {2nd},
	Publisher = {Springer},
	Title = {Principles of Quantum Mechanics},
	Year = 1994}

@article{courteillepw01a,
	Author = {Courteille, P. W. and Bagnato, V. S. and Yukalov, V. I.},
	Journal = ARX,
	Note = {cond-mat/0109421 (2001)},
	Title = {Bose-{E}instein {C}ondensation of {T}rapped {A}tomic {G}ases}}

@book{stonea96a,
	Address = {Oxford},
	Author = {Stone, A.J.},
	Publisher = {Oxford University Press},
	Title = {The Theory of Intermolecular Forces},
	Year = {1996}}

@article{casimirh48a,
	Author = {Casimir, H.B.G. and Polder, D.},
	Journal = PHYR,
	Pages = 360,
	Title = {The influence of retardation on the London-van der Waals forces},
	Volume = 73,
	Year = 1948}

@article{silvib83a,
	Author = {Silvi, B. and Chandrasekharan, V.},
	Journal = MOLPHYS,
	Pages = 1053,
	Title = {Dispersion coefficients for atoms in different states},
	Volume = 48,
	Year = 1983}

@book{gavrogluk95a,
	Address = {Great Britain},
	Author = {Gavroglu, K.},
	Publisher = {Cambridge University Press},
	Title = {Fritz London a scientific biography},
	Year = 1995}

@article{tangl10a,
	Author = {Tang, Li-Yan and Yan, Zong-Chao and Shi, Ting-Yun and Mitroy, J.},
	Journal = PRA,
	Pages = 042521,
	Title = {Dynamic dipole polarizabilities of the Li atom and the Be$^{+}$ ion},
	Volume = 81,
	Year = 2010}

@article{eisenschitzr30a,
	Author = {Eisenschitz, R. and London, F.},
	Journal = ZP,
	Pages = 491,
	Title = {On the Ratio of the van der Waals Forces and the Homo-polar Binding Forces},
	Volume = 60,
	Year = 1930}

@article{londonf30a,
	Author = {London, F},
	Journal = ZP,
	Pages = 245,
	Title = {On the Theory and System of Molecular Forces},
	Volume = 63,
	Year = 1930}

@article{londonf30b,
	Author = {London, F.},
	Journal = ZPCL,
	Pages = 222,
	Title = {On Some Properties and Applications of Molecular Forces},
	Volume = {B11},
	Year = 1930}

@article{heitlerw27a,
	Author = {Heitler, W. and London, F.},
	Date-Modified = {2011-04-08 10:38:21 -0700},
	Journal = {ZP},
	Pages = 455,
	Title = {Interaction Between Neutral Atoms and Homopolar Binding According to Quantum Mechanics},
	Volume = 44,
	Year = 1927}

@article{sanchezr09,
	Author = {Rodolfo S{\'a}nchez and Monika {\v Z}{\'a}kov{\'a} and Zoran Andjelkovic and Bruce A Bushaw and Kamalesh Dasgupta and Guido Ewald and Christopher Geppert and H-J{\"u}rgen Kluge and J{\"o}rg Kr{\"a}mer and Matthias Nothhelfer and Dirk Tiedemann and Danyal F A Winters and Wilfried N{\"o}rtersh{\"a}user},
	Date-Modified = {2011-03-25 19:29:07 -0700},
	Journal = NJP,
	Pages = 073016,
	Title = {Absolute frequency measurements on the 2S$\rightarrow$3S transition of lithium-6,7},
	Volume = 11,
	Year = 2009}

@article{mitroyj10a,
	Author = {Mitroy, J. and Safronova, M.S. and Clark, Charles W.},
	Journal = JPB,
	Pages = 38,
	Title = {Theory and applications of atomic and ionic polarizabilities},
	Volume = 43,
	Year = 2010}

@phdthesis{BromleyMWJThesis,
	Author = {Bromley, M.W.J.},
	School = {Northern Territory University},
	Title = {Positron-Atom Interactions Studied Using Configuration Interaction Methods},
	Year = 2003}

@book{NIST,
	Address = {\url{http://physics.nist.gov/asd}, Gaithersburg, MD},
	Author = {Ralchenko, Y. and Kramida, A.E. and Reader, J.},
	Date-Modified = {2011-04-13 15:48:31 -0700},
	Publisher = {National Institute of Standards and Technology},
	Series = {WWW Document,},
	Title = {{NIST} {A}tomic {S}pectra {D}atabase},
	Url = {http://physics.nist.gov/asd},
	Year = {2011},
	Bdsk-Url-1 = {http://physics.nist.gov/asd}}

@unpublished{hyperphyics,
	Author = {Nave, C.R. - can't copy},
	Date-Modified = {2011-04-13 15:30:48 -0700},
	Title = {Lithium Energy Levels},
	Url = {http://en.wikipedia.org/wiki/File:Hydrogen_Density_Plots.png [2011, February 16]},
	Year = {2010},
	Bdsk-Url-1 = {http://en.wikipedia.org/wiki/File:Hydrogen_Density_Plots.png%20%5B2011,%20February%2016%5D}}

@book{wavefunction,
	Address = {\url{http://en.wikipedia.org/wiki/File:Hydrogen_Density_Plots.png}},
	Author = {PoorLeno},
	Date-Modified = {2011-04-13 15:55:55 -0700},
	Publisher = {English Wikipedia},
	Series = {WWW Document,},
	Title = {Hydrogen Density Plots},
	Url = {http://en.wikipedia.org/wiki/File:Hydrogen_Density_Plots.png},
	Year = {2008},
	Bdsk-Url-1 = {http://en.wikipedia.org/wiki/File:Hydrogen_Density_Plots.png}}

@book{interactionpic,
	Address = {\url{http://guweb2.gonzaga.edu/faculty/cronk/biochem/V-index.cfm?definition=van_der_Waals}},
	Author = {Jeff D. Cronk},
	Date-Modified = {2011-04-13 15:52:38 -0700},
	Publisher = {Biochemistry Dictionary},
	Series = {WWW Document,},
	Title = {Van der Waals Potential Energy},
	Url = {http://guweb2.gonzaga.edu/faculty/cronk/biochem/V-index.cfm?definition=van_der_Waals [2011, February 16]},
	Year = {2010},
	Bdsk-Url-1 = {http://guweb2.gonzaga.edu/faculty/cronk/biochem/V-index.cfm?definition=van_der_Waals%20%5B2011,%20February%2016%5D}}

@unpublished{interactionpic2,
	Author = {'AutoDock},
	Date-Modified = {2011-04-13 15:30:27 -0700},
	Title = {van der Waals forces},
	Url = {http://web.njit.edu/all_topics/Prog_Lang_Docs/html/autodock/AD3.a.0UserGuide.html [2010, October 22]},
	Year = {2010},
	Bdsk-Url-1 = {http://web.njit.edu/all_topics/Prog_Lang_Docs/html/autodock/AD3.a.0UserGuide.html%20%5B2010,%20October%2022%5D}}

@article{norcrossd76a,
	Author = {Norcross, D.W. and Seaton, M.J.},
	Journal = JPB,
	Pages = 2983,
	Title = {Energy levels for Be I calculated using a model potential and cores approximation},
	Volume = 9,
	Year = 1976}

@article{schrodingere26,
	Author = {Schr\"{o}dinger, E.},
	Date-Modified = {2016-04-05 19:15:12 +0000},
	Journal = PHYR,
	Number = 6,
	Pages = 1049,
	Title = {An Undulatory Theory of the Mechanics of Atoms and Molecules},
	Volume = 28,
	Year = 1926}

@book{moorec1968,
	Address = {Washington, D.C.},
	Author = {Moore, C.E.},
	Month = {June},
	Pages = 8,
	Publisher = {Institute for Basic Standards National Bureau of Standards},
	Title = {Partial Grotrian Diagrams of Astrophysical Interest (National Bureau of Standards. National standard reference data series, NSRDS-NBS 23)},
	Year = 1968}

@article{mavroyannisc62a,
	Author = {Mavroyannis, C. and Stephen, M.J.},
	Journal = MOLPHYS,
	Number = 6,
	Pages = 629,
	Title = {Dispersion forces},
	Volume = 5,
	Year = 1962}

@article{dalgarnoa67a,
	Author = {Dalgarno, A.},
	Journal = ADVCP,
	Pages = 143,
	Title = {New Methods for Calculating Long-Range Intermolecular Forces},
	Volume = 12,
	Year = 1967}

@article{mitroy99f,
	Author = {Mitroy, J.},
	Date-Modified = {2016-05-10 16:58:24 +0000},
	Journal = AUSJP,
	Number = {973},
	Title = {A Hartree-Fock program for Atomic Structure calculations},
	Volume = 52,
	Year = 1999}
